
@book{jurafskySpeechLanguageProcessing2014,
	address = {Harlow},
	edition = {2. ed., Pearson new internat. ed},
	series = {Always learning},
	title = {Speech and language processing},
	isbn = {978-1-292-02543-8},
	language = {eng},
	publisher = {Pearson Education},
	author = {Jurafsky, Daniel and Martin, James H.},
	year = {2014},
	note = {OCLC: 856874502},
	file = {Table of Contents PDF:C\:\\Users\\Yves Staudenmaier\\Zotero\\storage\\RNNDIB7G\\Jurafsky and Martin - 2014 - Speech and language processing.pdf:application/pdf;2020_Jurafsky_Speech and Language Processing.pdf:C\:\\Users\\Yves Staudenmaier\\Zotero\\storage\\3L6D9924\\2020_Jurafsky_Speech and Language Processing.pdf:application/pdf},
}

@book{axeloslimitedITILFoundationITIL2019,
	address = {Norwich},
	edition = {v4},
	title = {{ITIL}{\textregistered} {Foundation}, {ITIL} 4 edition},
	isbn = {978-0-11-331607-6},
	url = {https://www.axelos.com/getmedia/5896d51f-ab6c-4843-992b-4f045eab0875/ITIL-4-Foundation-glossary_v0_22.aspx},
	language = {English},
	urldate = {2020-03-10},
	publisher = {TSO (The Stationery Office)},
	author = {{AXELOS Limited} and {Stationery Office (Great Britain)}},
	year = {2019},
	note = {OCLC: 1122856407},
}

@book{bundesamtfursicherheitinderinformationstechnikbsiITGrundschutzKompendium2020,
	edition = {2020},
	title = {{IT}-{Grundschutz}-{Kompendium}},
	isbn = {978-3-8462-0906-6},
	url = {https://www.bsi.bund.de/SharedDocs/Downloads/DE/BSI/Grundschutz/Kompendium/IT_Grundschutz_Kompendium_Edition2020.pdf?__blob=publicationFile&v=6},
	language = {German},
	urldate = {2020-03-09},
	publisher = {Bundesanzeiger Verlag GmbH},
	author = {{Bundesamt f{\"u}r Sicherheit in der Informationstechnik (BSI)}},
	year = {2020},
	note = {OCLC: 1027470677},
	file = {IT_Grundschutz_Kompendium_Edition2020.pdf:C\:\\Users\\Yves Staudenmaier\\Zotero\\storage\\ETPSI6CP\\IT_Grundschutz_Kompendium_Edition2020.pdf:application/pdf},
}

@book{dobiesKubernetesOperators2020,
	edition = {1st},
	title = {Kubernetes {Operators}},
	isbn = {978-1-4920-4804-6},
	url = {https://www.safaribooksonline.com/library/view//9781492048039/?ar&orpq&email=^ur},
	abstract = {This practical book shows you how to use Operators to install some of the most essential core services on Kubernetes clusters with automated management and upgrades. Items such as permanent storage and databases can be complex to run on Kubernetes, because they often have their own notions of storage, networking, and clustering. Authors Josh Wood and Paul Bert explain how Operators know how to configure serious apps to work on your cluster, and how to keep them running over time, including upgrading them between versions.},
	language = {English},
	urldate = {2020-03-09},
	author = {Dobies, Jason and Wood, Joshua and Safari, an O'Reilly Media Company},
	year = {2020},
	note = {OCLC: 1125096947},
	annote = {Operators k{\"o}nnten sowas wie Hooks in React sein.~
~},
}

@book{partschRequirementsEngineeringSystematischModellbildung2010,
	address = {Berlin},
	edition = {2., {\"u}berarb. und erw. Aufl},
	series = {{eXamen}.press},
	title = {Requirements-{Engineering} systematisch: {Modellbildung} f{\"u}r softwaregest{\"u}tzte {Systeme}},
	isbn = {978-3-642-05358-0 978-3-642-05357-3},
	shorttitle = {Requirements-{Engineering} systematisch},
	url = {http://dx.doi.org/10.1007/978-3-642-05358-0},
	language = {ger},
	publisher = {Springer},
	author = {Partsch, Helmuth},
	year = {2010},
	note = {OCLC: 845656932},
	file = {2010_Book_Requirements-EngineeringSystem.pdf:C\:\\Users\\Yves Staudenmaier\\Zotero\\storage\\V6DKJZNK\\2010_Book_Requirements-EngineeringSystem.pdf:application/pdf},
}

@misc{gesamtverbandderdeutschenversicherungswirtschafte.vLageberichtCyberschutz20192019,
	title = {Lagebericht {Cyberschutz} 2019},
	url = {https://www.gdv.de/resource/blob/51964/8f1abe21c50eeeb5e3109a93d7504f55/download-lagebericht-cyberschutz-2019-data.pdf},
	language = {deutsch},
	urldate = {2020-03-03},
	publisher = {Gesamtverband der Deutschen Versicherungswirtschaft e. V},
	author = {{Gesamtverband der Deutschen Versicherungswirtschaft e. V}},
	year = {2019},
	file = {download-lagebericht-cyberschutz-2019-data.pdf:C\:\\Users\\Yves Staudenmaier\\Zotero\\storage\\424XGIFQ\\download-lagebericht-cyberschutz-2019-data.pdf:application/pdf},
}

@book{kumarReliabilityAspectCloud2018,
	address = {Singapore},
	title = {Reliability aspect of cloud computing environment},
	isbn = {9789811330230 9789811330223},
	url = {https://doi.org/10.1007/978-981-13-3023-0},
	language = {eng},
	publisher = {Springer},
	author = {Kumar, Vikas and Vidhyalakshmi, R.},
	year = {2018},
	file = {2018_Book_ReliabilityAspectOfCloudComput.pdf:C\:\\Users\\Yves Staudenmaier\\Zotero\\storage\\7SAK7B33\\2018_Book_ReliabilityAspectOfCloudComput.pdf:application/pdf},
}

@misc{bundesministeriumdesinnernHandbuchFurOrganisationsuntersuchungen2018,
	title = {Handbuch f{\"u}r {Organisationsuntersuchungen} und {Personalbedarfsermittlung}},
	url = {https://www.orghandbuch.de/OHB/DE/ohb_pdf.pdf;jsessionid=BA4D6325C542EB354B7E9525257C1A15.1_cid332?__blob=publicationFile&v=28},
	language = {German},
	urldate = {2020-02-25},
	journal = {Handbuch f{\"u}r Organisationsuntersuchungen und Personalbedarfsermittlung},
	author = {Bundesministerium des Innern and Bundesverwaltungsamt (Hrsg.)},
	year = {2018},
}

@book{ramachandranRequirementsEngineeringService2017,
	title = {Requirements {Engineering} for {Service} and {Cloud} {Computing}},
	isbn = {978-3-319-51310-2},
	url = {https://doi.org/10.1007/978-3-319-51310-2},
	abstract = {This authoritative text/reference describes the state of the art in requirements engineering for software systems for distributed computing. A particular focus is placed on integrated solutions, which take into account the requirements of scalability, flexibility, sustainability and operability for distributed environments. Topics and features: Discusses the latest developments, tools, technologies and trends in software requirements engineering Reviews the relevant theoretical frameworks, practical approaches and methodologies for service requirements Examines the three key components of the requirements engineering process, namely requirements elicitation, requirements specification, and requirements validation and evaluation Presents detailed contributions from an international selection of highly reputed experts in the field Offers guidance on best practices, and suggests directions for further research in the area This illuminating volume is ideal for all researchers, lecturers and students wishing to enhance their knowledge of the technologies, methods and frameworks relevant to requirements engineering for distributed environments. Software engineers and project managers interested in adopting the latest approaches will also find this book a helpful and practical reference. Dr. Muthu Ramachandran is a Principal Lecturer in the School of Computing, Creative Technologies, and Engineering at Leeds Beckett University, UK. Prof. Zaigham Mahmood is a Senior Technology Consultant at Debesis Education UK and an Associate Lecturer (Research) at the University of Derby, UK. He also holds positions as Foreign Professor at NUST and IIU in Islamabad, Pakistan, and Professor Extraordinaire at the North West University Potchefstroom, South Africa.},
	language = {English},
	urldate = {2020-02-24},
	author = {Ramachandran, Muthu and Mahmood, Zaigham},
	year = {2017},
	note = {OCLC: 1003956978},
	file = {2017_Book_RequirementsEngineeringForServ.pdf:C\:\\Users\\Yves Staudenmaier\\Zotero\\storage\\8MKZFETZ\\2017_Book_RequirementsEngineeringForServ.pdf:application/pdf},
}

@book{ieeecomputersocietyIEEEStandardApplication2005,
	address = {New York, N.Y.},
	title = {{IEEE} standard for application and management of the systems engineering process},
	isbn = {978-0-7381-4692-8},
	url = {http://ieeexplore.ieee.org/servlet/opac?punumber=10106},
	language = {English},
	urldate = {2020-02-24},
	publisher = {Institute of Electrical and Electronics Engineers},
	author = {{IEEE Computer Society} and {Software and Systems Engineering Standards Committee} and {Institute of Electrical and Electronics Engineers} and {IEEE-SA Standards Board}},
	year = {2005},
	note = {OCLC: 62077967},
	file = {IEEE Std 1220-2005.pdf:C\:\\Users\\Yves Staudenmaier\\Zotero\\storage\\7CIWAH5Q\\IEEE Std 1220-2005.pdf:application/pdf},
}

@misc{dindeutschesinstitutfurnormungQualitatsmanagementsystemeGrundlagenUnd2020,
	title = {Qualit{\"a}tsmanagementsysteme - {Grundlagen} und {Begriffe} ({ISO} 9000:2015); {Deutsche} und {Englische} {Fassung} {EN} {ISO} 9000:2015},
	shorttitle = {{DIN} {EN} {ISO} 9000:2015},
	url = {https://perinorm-fr.redi-bw.de/perinorm/fulltext.ashx?fulltextid=230150cb1880449295f493e21a445a20&userid=96f4b659-56a0-45ff-a5be-da1774bd04e8},
	abstract = {Diese Internationale Norm beschreibt die grundlegenden Konzepte, Grunds{\"a}tze und Begriffe des Qualit{\"a}tsmanagements und legt zugeh{\"o}rige Begriffe fest, die auf folgende allgemein anwendbar sind: - Organisationen, die nach nachhaltigem Erfolg durch Umsetzung von Qualit{\"a}ts- und anderen Managementsystemen streben; - Kunden, die das Vertrauen in die F{\"a}higkeit einer Organisation zur Bereitstellung zufriedenstellender Produkte suchen; - Organisationen, die Vertrauen in ihre Lieferkette erwerben wollen, dass ihre Produktanforderungen erf{\"u}llt werden; - alle interessierten Parteien, die danach streben, die Kommunikation durch allgemeines Verst{\"a}ndnis der im Qualit{\"a}tsmanagement verwendeten Begriffe zu verbessern; - Organisationen, die Konformit{\"a}tsbewertungen nach den Anforderungen von ISO 9001 durchf{\"u}hren; - alle, die Schulungen zum Qualit{\"a}tsmanagement anbieten; - Entwickler in Bezug stehender Normen.},
	language = {deutsch},
	publisher = {Beuth Verlag GmbH},
	author = {DIN	Deutsches Institut f{\"u}r Normung, e. V.},
	month = feb,
	year = {2020},
	file = {Qualit{\"a}tsmanagementsysteme ISO 9000_2015.pdf:C\:\\Users\\Yves Staudenmaier\\Zotero\\storage\\2P3AQJJ8\\Qualit{\"a}tsmanagementsysteme ISO 9000_2015.pdf:application/pdf},
}

@misc{fowlerBlikiDevOpsCulture2015,
	title = {bliki: {DevOpsCulture}},
	shorttitle = {bliki},
	url = {https://martinfowler.com/bliki/DevOpsCulture.html},
	abstract = {Devops is a movement to break down traditional silos between developers, operations and other delivery groups. Although many tools are useful, it is primarily a cultural change.},
	urldate = {2020-02-19},
	journal = {martinfowler.com},
	author = {Fowler, Martin},
	month = jul,
	year = {2015},
	file = {Snapshot:C\:\\Users\\Yves Staudenmaier\\Zotero\\storage\\MCSHBQ43\\DevOpsCulture.html:text/html},
}

@misc{fowlerContinuousIntegration2006,
	title = {Continuous {Integration}},
	url = {https://martinfowler.com/articles/continuousIntegration.html},
	abstract = {Continuous Integration occurs when all developers push their changes to mainline at least once per day, with automated tests to detect integration errors. This greatly reduces integration pain.},
	urldate = {2020-02-24},
	journal = {martinfowler.com},
	author = {Fowler, Martin},
	month = may,
	year = {2006},
}

@book{shipleyOpenShiftDevelopersGuide2016,
	address = {Beijing},
	edition = {First edition},
	title = {{OpenShift} for developers: a guide for impatient beginners},
	isbn = {978-1-4919-6143-8},
	shorttitle = {{OpenShift} for developers},
	publisher = {O'Reilly},
	author = {Shipley, Grant and Dumpleton, Graham},
	year = {2016},
	keywords = {Web site development},
	file = {Shipley und Dumpleton - OpenShift for Developers.pdf:C\:\\Users\\Yves Staudenmaier\\Zotero\\storage\\5SR8NF2S\\Shipley und Dumpleton - OpenShift for Developers.pdf:application/pdf},
}

@book{picozziDevOpsOpenShiftCloud2017,
	address = {Beijing},
	edition = {First edition},
	title = {{DevOps} with {OpenShift}: cloud deployments made easy},
	isbn = {978-1-4919-7596-1},
	shorttitle = {{DevOps} with {OpenShift}},
	publisher = {O'Reilly},
	author = {Picozzi, Stefano},
	year = {2017},
	keywords = {Development Computer programs, Web applications},
	file = {Picozzi - DevOps with OpenShift.pdf:C\:\\Users\\Yves Staudenmaier\\Zotero\\storage\\HW5BDNNB\\Picozzi - DevOps with OpenShift.pdf:application/pdf},
}

@article{lehtonenDefiningMetricsContinuous2015,
	title = {Defining {Metrics} for {Continuous} {Delivery} and {Deployment} {Pipeline}},
	url = {https://pdfs.semanticscholar.org/b9a5/63731397fdb0a0cf277485673f741826b7b4.pdf},
	abstract = {Continuous delivery is a software development practice where new features are made available to end users as soon as they have been implemented and tested. In such a setting, a key technical piece of infrastructure is the development pipeline that consists of various tools and databases, where features flow from development to deployment and then further to use. Metrics, unlike those conventionally used in software development, are needed to help define the performance of the development pipeline. In this paper, we address metrics that are suited for supporting continuous delivery and deployment through a descriptive and exploratory single case study on a project of a mid-sized Finnish software company, Solita Plc. As concrete data, we use data from project {\textquotedblright}Lupapiste{\textquotedblright}, a web site for managing municipal authorizations and permissions.},
	language = {en},
	author = {Lehtonen, Timo and Suonsyrja, Sampo and Kilamo, Terhi and Mikkonen, Tommi},
	year = {2015},
	keywords = {? No DOI found},
	pages = {15},
	file = {Lehtonen et al. - Defining Metrics for Continuous Delivery and Deploy.pdf:C\:\\Users\\Yves Staudenmaier\\Zotero\\storage\\MZ37TQXG\\Lehtonen et al. - Defining Metrics for Continuous Delivery and Deploy.pdf:application/pdf},
}

@book{jaekelCloudLogistics2018,
	address = {New York, NY},
	title = {Cloud logistics},
	isbn = {978-3-658-22836-1},
	publisher = {Springer Berlin Heidelberg},
	author = {Jaekel, Falco},
	year = {2018},
	file = {2019_Book_CloudLogistics.pdf:C\:\\Users\\Yves Staudenmaier\\Zotero\\storage\\MP22QMCF\\2019_Book_CloudLogistics.pdf:application/pdf},
}

@book{garbarinoBEGINNINGKUBERNETESGOOGLE2020,
	address = {S.l.},
	title = {{BEGINNING} {KUBERNETES} {ON} {THE} {GOOGLE} {CLOUD} {PLATFORM} a guide to automating application deployment,... scaling, and management.},
	isbn = {978-1-4842-5491-2},
	url = {https://library.smu.ca/login?url=http://link.springer.com/10.1007/978-1-4842-5491-2},
	language = {English},
	urldate = {2020-02-24},
	publisher = {APRESS},
	author = {GARBARINO, ERNESTO},
	year = {2020},
	note = {OCLC: 1137811321},
	file = {2019_Book_BeginningKubernetesOnTheGoogle.pdf:C\:\\Users\\Yves Staudenmaier\\Zotero\\storage\\DMAIZ7P8\\2019_Book_BeginningKubernetesOnTheGoogle.pdf:application/pdf},
}

@book{cabanArchitectingOperatingOpenShift2019,
	address = {Berkeley, CA},
	title = {Architecting and {Operating} {OpenShift} {Clusters} {OpenShift} for {Infrastructure} and {Operations} {Teams}},
	isbn = {978-1-4842-4985-7 978-1-4842-4984-0 978-1-4842-4986-4},
	url = {https://link.springer.com/10.1007/978-1-4842-4985-7},
	abstract = {Design and architect resilient OpenShift clusters and gain a keen understanding of how hundreds of projects are integrated into a powerful solution. While there are many OpenShift resources available for developers, this book focuses on the key elements of infrastructure and operations that teams need when looking to integrate and maintain this platform. You'll review important concepts, such as repeatable deployment techniques, advanced OpenShift RBAC capabilities, monitoring clusters, and integrating with external services. You'll also see how to run specialized workloads in OpenShift and how to deploy non-web based applications on the platform, all designed to help cultivate best practices as your organization continue evolve in microservices architectures. OpenShift has become the main enterprise Kubernetes distribution and its market penetration continues to growth at rapid rate. While OpenShift's documentation provides a great list of configuration options to work with the platform, it can be a daunting task to wade through. Architecting and Operating OpenShift Clusters breaks this content down into clear and useful concepts to provide you with a solid understanding of the OCP internal architecture.},
	language = {English},
	urldate = {2020-02-24},
	publisher = {Apress : Imprint: Apress},
	author = {Caban, William},
	year = {2019},
	note = {OCLC: 1138978697},
	file = {2019_Book_ArchitectingAndOperatingOpenSh.pdf:C\:\\Users\\Yves Staudenmaier\\Zotero\\storage\\AHAVR58N\\2019_Book_ArchitectingAndOperatingOpenSh.pdf:application/pdf},
}

@book{yeluriBuildingInfrastructureCloud2014,
	address = {New York, NY},
	series = {The expert's voice in internet security},
	title = {Building the infrastructure for cloud security: a solutions view},
	isbn = {978-1-4302-6146-9 978-1-4302-6145-2},
	shorttitle = {Building the infrastructure for cloud security},
	language = {eng},
	publisher = {Apress},
	author = {Yeluri, Raghu and Castro-Leon, Enrique},
	year = {2014},
	note = {OCLC: 891511273},
	file = {2014_Book_BuildingTheInfrastructureForCl.pdf:C\:\\Users\\Yves Staudenmaier\\Zotero\\storage\\9KRZZM78\\2014_Book_BuildingTheInfrastructureForCl.pdf:application/pdf},
}

@inproceedings{el-gazzarLiteratureReviewCloud2014,
	address = {Berlin, Heidelberg},
	series = {{IFIP} {Advances} in {Information} and {Communication} {Technology}},
	title = {A {Literature} {Review} on {Cloud} {Computing} {Adoption} {Issues} in {Enterprises}},
	isbn = {978-3-662-43459-8},
	doi = {10.1007/978-3-662-43459-8_14},
	abstract = {Cloud computing has received increasing interest from enterprises since its inception. With its innovative information technology (IT) services delivery model, cloud computing could add technical and strategic business value to enterprises. However, cloud computing poses highly concerning internal (e.g., Top management and experience) and external issues (e.g., regulations and standards). This paper presents a systematic literature review to explore the current key issues related to cloud computing adoption. This is achieved by reviewing 51 articles published about cloud computing adoption. Using the grounded theory approach, articles are classified into eight main categories: internal, external, evaluation, proof of concept, adoption decision, implementation and integration, IT governance, and confirmation. Then, the eight categories are divided into two abstract categories: cloud computing adoption factors and processes, where the former affects the latter. The results of this review indicate that enterprises face serious issues before they decide to adopt cloud computing. Based on the findings, the paper provides a future information systems (IS) research agenda to explore the previously under-investigated areas regarding cloud computing adoption factors and processes. This paper calls for further theoretical, methodological, and empirical contributions to the research area of cloud computing adoption by enterprises.},
	language = {en},
	booktitle = {Creating {Value} for {All} {Through} {IT}},
	publisher = {Springer},
	author = {El-Gazzar, Rania Fahim},
	editor = {Bergvall-K{\r a}reborn, Birgitta and Nielsen, Peter Axel},
	year = {2014},
	keywords = {adoption, Cloud computing, enterprise},
	pages = {214--242},
	file = {El-Gazzar2014_Chapter_ALiteratureReviewOnCloudComput.pdf:C\:\\Users\\Yves Staudenmaier\\Zotero\\storage\\MD3S7JDW\\El-Gazzar2014_Chapter_ALiteratureReviewOnCloudComput.pdf:application/pdf},
}

@article{duraoSystematicReviewCloud2014,
	title = {A systematic review on cloud computing},
	volume = {68},
	issn = {1573-0484},
	url = {https://doi.org/10.1007/s11227-014-1089-x},
	doi = {10.1007/s11227-014-1089-x},
	abstract = {Cloud computing is an ascending technology that has introduced a new paradigm by rendering a rational computational model possible. It has changed the dynamics of IT consumption by means of a model that provides on-demand services over the Internet. Unlike the traditional hosting service, cloud computing services are paid for per usage and may expand or shrink based on demand. Such services are, in general, fully managed by cloud providers that require users nothing but a personal computer and an Internet access. In recent years, this model has attracted the attention of researchers, investors and practitioners, many of whom have proposed a number of applications, structures and fundamentals of cloud computing, resulting in various definitions, requirements and models. Despite the interest and advances in the field, issues such as security and privacy, service layer agreement, resource sharing, and billing have opened up new questions about the real gains of the model. Although cloud computing is based on a 50-year-old business model, evidence from this study indicates that cloud computing still needs to expand and overcome present limitations that prevent the full use of its potential. In this study, we critically review the state of the art in cloud computing with the aim of identifying advances, gaps and new challenges.},
	language = {en},
	number = {3},
	urldate = {2020-02-24},
	journal = {The Journal of Supercomputing},
	author = {Durao, Frederico and Carvalho, Jose Fernando S. and Fonseka, Anderson and Garcia, Vinicius Cardoso},
	month = jun,
	year = {2014},
	pages = {1321--1346},
	file = {Durao2014_Article_ASystematicReviewOnCloudComput.pdf:C\:\\Users\\Yves Staudenmaier\\Zotero\\storage\\ZGJCUQUH\\Durao2014_Article_ASystematicReviewOnCloudComput.pdf:application/pdf},
}

@book{furhtHandbookCloudComputing2010,
	address = {New York},
	title = {Handbook of cloud computing},
	isbn = {978-1-4419-6523-3 978-1-4419-6524-0},
	abstract = {Annotation Cloud computing has become a significant technology trend. Experts believe cloud computing is currently reshaping information technology and the IT marketplace. The advantages of using cloud computing include cost savings, speed to market, access to greater computing resources, high availability, and scalability.Handbook of Cloud Computing includes contributions from world experts in the field of cloud computing from academia, research laboratories and private industry. This book presents the systems, tools, and services of the leading providers of cloud computing; including Google, Yahoo, Amazon, IBM, and Microsoft. The basic concepts of cloud computing and cloud computing applications are also introduced. Current and future technologies applied in cloud computing are also discussed. Case studies, examples, and exercises are provided throughout. Handbook of Cloud Computing is intended for advanced-level students and researchers in computer science and electrical engineering as a reference book. This handbook is also beneficial to computer and system infrastructure designers, developers, business managers, entrepreneurs and investors within the cloud computing related industry},
	publisher = {Springer},
	editor = {Furht, Borivoje and Escalante, Armando},
	year = {2010},
	note = {OCLC: ocn639164885},
	keywords = {Cloud computing},
	file = {2010_Book_HandbookOfCloudComputing.pdf:C\:\\Users\\Yves Staudenmaier\\Zotero\\storage\\C5PI7BXV\\2010_Book_HandbookOfCloudComputing.pdf:application/pdf},
}

@book{bengelMasterkursParalleleUnd2015,
	address = {Wiesbaden},
	edition = {2., erw. und aktualisierte Aufl},
	series = {Lehrbuch},
	title = {Masterkurs parallele und verteilte {Systeme}: {Grundlagen} und {Programmierung} von {Multicore}-{Prozessoren}, {Multiprozessoren}, {Cluster}, {Grid} und {Cloud}},
	isbn = {978-3-8348-2151-5 978-3-8348-1671-9},
	shorttitle = {Masterkurs parallele und verteilte {Systeme}},
	language = {ger},
	publisher = {Springer Vieweg},
	editor = {Bengel, G{\"u}nther and Baun, Christian and Kunze, Marcel and Stucky, Karl-Uwe},
	year = {2015},
	note = {OCLC: 913050632},
	file = {2015_Book_MasterkursParalleleUndVerteilt.pdf:C\:\\Users\\Yves Staudenmaier\\Zotero\\storage\\MGAMESC7\\2015_Book_MasterkursParalleleUndVerteilt.pdf:application/pdf},
}

@book{vossenCloudComputingFurUnternehmen2012,
	address = {Heidelberg},
	edition = {1. Aufl},
	title = {Cloud-{Computing} f{\"u}r {Unternehmen}: technische, wirtschaftliche, rechtliche und organisatorische {Aspekte}},
	isbn = {978-3-89864-808-0},
	shorttitle = {Cloud-{Computing} f{\"u}r {Unternehmen}},
	language = {ger},
	publisher = {dpunkt-Verl},
	author = {Vossen, Gottfried and Haselmann, Till and Hoeren, Thomas and Hoeren, T.},
	year = {2012},
	note = {OCLC: 796204713},
}

@book{hightowerKubernetesRunningDive2017,
	address = {Sebastopol, CA},
	edition = {First edition},
	title = {Kubernetes: up and running: dive into the future of infrastructure},
	isbn = {978-1-4919-3567-5},
	shorttitle = {Kubernetes},
	url = {http://proquest.tech.safaribooksonline.de/9781491935668},
	publisher = {O'Reilly Media},
	author = {Hightower, Kelsey and Burns, Brendan and Beda, Joe},
	year = {2017},
	note = {OCLC: on1006379326},
	keywords = {Application software, Computer software, Development Automation, Installation, Open source software, Software maintenance, Virtual computer systems},
}

@book{burnsVerteilteSystemeMit2018,
	address = {Heidelberg},
	edition = {1. Auflage},
	title = {Verteilte {Systeme} mit {Kubernetes} entwerfen: {Patterns} und {Prinzipien} f{\"u}r skalierbare und zuverl{\"a}ssige {Services} = {Designing} distributed systems},
	isbn = {978-3-96010-240-3 978-3-96009-088-5 978-3-96010-241-0 978-3-96010-242-7},
	shorttitle = {Verteilte {Systeme} mit {Kubernetes} entwerfen},
	url = {https://ebookcentral.proquest.com/lib/gbv/detail.action?docID=5535040},
	language = {ger},
	publisher = {O'Reilly},
	author = {Burns, Brendan},
	translator = {Demmig, Thomas},
	year = {2018},
	note = {OCLC: 1043089881},
}

@book{liebelSkalierbareContainerInfrastrukturenHandbuch2019,
	address = {Bonn},
	edition = {2., aktualisierte und erweiterte Auflage},
	series = {Rheinwerk {Computing}},
	title = {Skalierbare {Container}-{Infrastrukturen}: das {Handbuch} f{\"u}r {Administratoren}},
	isbn = {978-3-8362-6385-6},
	shorttitle = {Skalierbare {Container}-{Infrastrukturen}},
	language = {ger},
	publisher = {Rheinwerk Verlag},
	author = {Liebel, Oliver},
	year = {2019},
	note = {OCLC: 1043087681},
}

@book{hightowerKubernetesKompakteEinfuhrung2018,
	address = {Heidelberg},
	edition = {1. Auflage},
	title = {Kubernetes: eine kompakte {Einf{\"u}hrung}},
	isbn = {978-3-96088-428-6 978-3-86490-542-1 978-3-96088-429-3 978-3-96088-430-9},
	shorttitle = {Kubernetes},
	language = {ger},
	publisher = {dpunkt.verlag},
	author = {Hightower, Kelsey and Burns, Brendan and Beda, Joe},
	translator = {Demmig, Thomas},
	year = {2018},
	note = {OCLC: 1011040342},
}

@book{cochraneDockerCookbook1002018,
	title = {Docker cookbook: over 100 practical and insightful recipes to build distributed applications with {Docker}},
	isbn = {978-1-78862-598-2},
	shorttitle = {Docker cookbook},
	url = {http://proquest.safaribooksonline.com/?fpi=9781788626866},
	language = {English},
	urldate = {2020-02-20},
	author = {Cochrane, Ken and Khare, Neependra and Chelladhurai, Jeeva S},
	year = {2018},
	note = {OCLC: 1055555634},
}

@book{ibryamKubernetesPatternsWiederverwendbare2020,
	title = {Kubernetes {Patterns}: wiederverwendbare {Muster} zum {Erstellen} von {Cloud}-nativen {Anwendungen}},
	isbn = {978-3-96009-132-5},
	shorttitle = {Kubernetes {Patterns}},
	language = {German},
	author = {Ibryam, Bilgin and Hu{\ss}, Roland and Demmig, Thomas},
	year = {2020},
	note = {OCLC: 1140158171},
}

@book{pathaniaLearningContinuousIntegration2016,
	address = {Birmingham, UK},
	title = {Learning continuous integration with {Jenkins} a beginner's guide to implementing continuous integration and continuous delivery using {Jenkins}},
	isbn = {978-1-78528-503-5 978-1-78528-483-0},
	language = {English},
	publisher = {Packt Publishing},
	author = {Pathania, Nikhil},
	year = {2016},
	note = {OCLC: 1047819561},
}

@book{duvallContinuousIntegrationImproving2007,
	address = {Upper Saddle River, NJ},
	series = {Addison-{Wesley} signature series},
	title = {Continuous integration: improving software quality and reducing risk},
	isbn = {978-0-321-33638-5},
	shorttitle = {Continuous integration},
	publisher = {Addison-Wesley},
	author = {Duvall, Paul M. and Matyas, Steve and Glover, Andrew},
	year = {2007},
	note = {OCLC: ocn122423674},
	keywords = {Computer software, Quality control, Reliability, Testing},
	annote = {"A Martin Fowler signature book"--Cover},
}

@book{kimDevOpsHandbuchTeamsTools2017,
	address = {Heidelberg},
	edition = {1. Auflage},
	title = {Das {DevOps}-{Handbuch}: {Teams}, {Tools} und {Infrastrukturen} erfolgreich umgestalten},
	isbn = {978-3-96009-047-2},
	shorttitle = {Das {DevOps}-{Handbuch}},
	language = {ger},
	publisher = {O'Reilly},
	author = {Kim, Gene},
	collaborator = {Humble, Jez and Debois, Patrick and Willis, John and Demmig, Thomas},
	year = {2017},
	keywords = {DevOps, Entwicklung, Informationstechnik, Prozessoptimierung},
	annote = {Ist nicht wirklich sinnvoll f{\"u}r mein Arbeit. Tangiert nur ein Randgebiet und wird in meiner Arbeit nicht relevant sein.},
	annote = {Muss ich in der UB Mannheim ausleihen
https://primo-49man.hosted.exlibrisgroup.com/primo-explore/fulldisplay?docid=MAN\_ALMA21193811590002561\&context=L\&vid=MAN\_UB\&lang=de\_DE\&search\_scope=MAN\_ALMA\&adaptor=Local\%20Search\%20Engine\&tab=default\_tab\&query=any,contains,das\%20devops-handbuch\&mode=Basic
~},
	file = {Table of Contents PDF:C\:\\Users\\Yves Staudenmaier\\Zotero\\storage\\Q2FIGIU9\\Kim et al. - 2017 - Das DevOps-Handbuch Teams, Tools und Infrastruktu.pdf:application/pdf},
}

@book{gulatiOpenShiftCookbook2014,
	title = {{OpenShift} {Cookbook}},
	isbn = {978-1-78398-121-2},
	url = {https://proquest.tech.safaribooksonline.de/9781783981205},
	abstract = {Over 100 hands-on recipes that will help you create, deploy, manage, and scale OpenShift applicationsIn DetailIt is important to hit the ground running with the creation and deployment of your OpenShift applications. This book will start by showing you how to create OpenShift applications, use different databases with your applications, and deal with your applications based on your background as a developer. All bases have been covered with very extensive sections on the Java, Python, and Node platforms. Your enlightening quest into OpenShift will conclude with a discussion on how to continuously integrate and deploy your apps using Jenkins, and how OpenShift can help you build horizontally scalable applications.This comprehensive cookbook will show the trainee OpenShift developer a huge number of recipes, solutions, tips, and tricks to improve their experience and enhance their expertise.What You Will LearnTeach you how to create and deploy your own Java EE and Spring applications using OpenShiftHelp you discover how to host your Node.js applicationsGuide you through developing and deploying Python web applicationsLearn the trade of building horizontally scalable applications with OpenShiftShow you how to store your periodic database backup to Amazon S3Leverage the rhc command-line tool to become efficient with OpenShiftLearn how to effectively use Jenkins with OpenShift applications},
	language = {en},
	urldate = {2020-02-19},
	publisher = {Packt Publishing},
	author = {Gulati, Shekhar},
	month = oct,
	year = {2014},
}

@book{saitoDevOpsKubernetes2017,
	title = {{DevOps} with {Kubernetes}},
	isbn = {978-1-78839-800-8},
	url = {https://proquest.tech.safaribooksonline.de/9781788396646},
	abstract = {Learn to implement DevOps using Docker \& Kubernetes.About This BookLearning DevOps, container, and Kubernetes within one book.Leverage Kubernetes as a platform to deploy, scale, and run containers efficiently.A practical guide towards container management and orchestrationWho This Book Is ForThis book is targeted for anyone, who wants to learn containerization and clustering in a practical way using Kubernetes. No prerequisite skills required, however, essential DevOps skill and public/private Cloud knowledge will accelerate the reading speed. If you{\textquoteright}re advanced readers, you can also get a deeper understanding of all the tools and technique described in the book.What You Will LearnLearn fundamental and advanced DevOps skills and toolsGet a comprehensive understanding for containerLearn how to move your application to container worldLearn how to manipulate your application by KubernetesLearn how to work with Kubernetes in popular public cloudImprove time to market with Kubernetes and Continuous DeliveryLearn how to monitor, log, and troubleshoot your application with KubernetesIn DetailContainerization is said to be the best way to implement DevOps. Google developed Kubernetes, which orchestrates containers efficiently and is considered the frontrunner in container orchestration. Kubernetes is an orchestrator that creates and manages your containers on clusters of servers. This book will guide you from simply deploying a container to administrate a Kubernetes cluster, and then you will learn how to do monitoring, logging, and continuous deployment in DevOps. The initial stages of the book will introduce the fundamental DevOps and the concept of containers. It will move on to how to containerize applications and deploy them into. The book will then introduce networks in Kubernetes. We then move on to advanced DevOps skills such as monitoring, logging, and continuous deployment in Kubernetes. It will proceed to introduce permission control for Kubernetes resources via attribute-based access control and role-based access control. The final stage of the book will cover deploying and managing your container clusters on the popular public cloud Amazon Web Services and Google Cloud Platform. At the end of the book, other orchestration frameworks, such as Docker Swarm mode, Amazon ECS, and Apache Mesos will be discussed.Style and approachReaders will be taken through fundamental DevOps skills and Kubernetes concept and administration with detailed examples. It introduces comprehensive DevOps topics, including microservices, automation tools, containers, monitoring, logging, continuous delivery, and popular public cloud environments. At each step readers will learn how to leverage Kubernetes in their everyday lives and transform their original delivery pipeline for fast and efficient delivery.Downloading the example code for this book. You can download the example code files for all Packt books you have purchased from your account at http://www.PacktPub.com. If you purchased this book elsewhere, you can visit http://www.PacktPub.com/support and register to have the code file.},
	language = {en},
	urldate = {2020-02-19},
	publisher = {Packt Publishing},
	author = {Saito, Hideto and Lee, Hui-Chuan Chloe and Wu, Cheng-Yang},
	month = oct,
	year = {2017},
}

@book{luksaKubernetesActionAnwendungen2018,
	address = {M{\"u}nchen},
	title = {Kubernetes in {Action}: {Anwendungen} in {Kubernetes}-{Clustern} bereitstellen und verwalten},
	isbn = {978-3-446-45510-8 978-3-446-45602-0},
	shorttitle = {Kubernetes in {Action}},
	language = {ger},
	publisher = {Hanser},
	author = {Luk{\v s}a, Marko},
	year = {2018},
	note = {OCLC: 1017485179},
	file = {Table of Contents PDF:C\:\\Users\\Yves Staudenmaier\\Zotero\\storage\\RKHYIC7D\\Luk{\v s}a - 2018 - Kubernetes in Action Anwendungen in Kubernetes-Cl.pdf:application/pdf;9783446456020.fm.pdf:C\:\\Users\\Yves Staudenmaier\\Zotero\\storage\\B5V4ATCU\\9783446456020.fm.pdf:application/pdf;9783446456020.bm.pdf:C\:\\Users\\Yves Staudenmaier\\Zotero\\storage\\WVCBJEA3\\9783446456020.bm.pdf:application/pdf;9783446456020.023.pdf:C\:\\Users\\Yves Staudenmaier\\Zotero\\storage\\TQTJHDFY\\9783446456020.023.pdf:application/pdf;9783446456020.022.pdf:C\:\\Users\\Yves Staudenmaier\\Zotero\\storage\\FHS5PKV2\\9783446456020.022.pdf:application/pdf;9783446456020.021.pdf:C\:\\Users\\Yves Staudenmaier\\Zotero\\storage\\EZ52LQ9Z\\9783446456020.021.pdf:application/pdf;9783446456020.020.pdf:C\:\\Users\\Yves Staudenmaier\\Zotero\\storage\\EZ3SD9MG\\9783446456020.020.pdf:application/pdf;9783446456020.019.pdf:C\:\\Users\\Yves Staudenmaier\\Zotero\\storage\\6DQ74LZ6\\9783446456020.019.pdf:application/pdf;9783446456020.017.pdf:C\:\\Users\\Yves Staudenmaier\\Zotero\\storage\\LH7RH6UC\\9783446456020.017.pdf:application/pdf;9783446456020.018.pdf:C\:\\Users\\Yves Staudenmaier\\Zotero\\storage\\6B4B44F7\\9783446456020.018.pdf:application/pdf;9783446456020.016.pdf:C\:\\Users\\Yves Staudenmaier\\Zotero\\storage\\BEV982Z2\\9783446456020.016.pdf:application/pdf;9783446456020.015.pdf:C\:\\Users\\Yves Staudenmaier\\Zotero\\storage\\J7FBFR62\\9783446456020.015.pdf:application/pdf;9783446456020.014.pdf:C\:\\Users\\Yves Staudenmaier\\Zotero\\storage\\9AKLNQQN\\9783446456020.014.pdf:application/pdf;9783446456020.013.pdf:C\:\\Users\\Yves Staudenmaier\\Zotero\\storage\\RHA87AMV\\9783446456020.013.pdf:application/pdf;9783446456020.012.pdf:C\:\\Users\\Yves Staudenmaier\\Zotero\\storage\\23WCV36S\\9783446456020.012.pdf:application/pdf;9783446456020.011.pdf:C\:\\Users\\Yves Staudenmaier\\Zotero\\storage\\MQVKRLBV\\9783446456020.011.pdf:application/pdf;9783446456020.009.pdf:C\:\\Users\\Yves Staudenmaier\\Zotero\\storage\\79L73T2A\\9783446456020.009.pdf:application/pdf;9783446456020.010.pdf:C\:\\Users\\Yves Staudenmaier\\Zotero\\storage\\4Z4PZ4MI\\9783446456020.010.pdf:application/pdf;9783446456020.007.pdf:C\:\\Users\\Yves Staudenmaier\\Zotero\\storage\\FXWIQQET\\9783446456020.007.pdf:application/pdf;9783446456020.008.pdf:C\:\\Users\\Yves Staudenmaier\\Zotero\\storage\\CPQJYFF5\\9783446456020.008.pdf:application/pdf;9783446456020.006.pdf:C\:\\Users\\Yves Staudenmaier\\Zotero\\storage\\8BRKUY4N\\9783446456020.006.pdf:application/pdf;9783446456020.005.pdf:C\:\\Users\\Yves Staudenmaier\\Zotero\\storage\\HSB9QBXJ\\9783446456020.005.pdf:application/pdf;9783446456020.003.pdf:C\:\\Users\\Yves Staudenmaier\\Zotero\\storage\\DFJ5XKGB\\9783446456020.003.pdf:application/pdf;9783446456020.004.pdf:C\:\\Users\\Yves Staudenmaier\\Zotero\\storage\\7IVREAFE\\9783446456020.004.pdf:application/pdf;9783446456020.002.pdf:C\:\\Users\\Yves Staudenmaier\\Zotero\\storage\\T7Y2XD5Z\\9783446456020.002.pdf:application/pdf;9783446456020.001.pdf:C\:\\Users\\Yves Staudenmaier\\Zotero\\storage\\ID6Q7CWM\\9783446456020.001.pdf:application/pdf},
}

@book{sharmaGettingStartedIstio2020,
	address = {Berkeley, CA},
	title = {Getting {Started} with {Istio} {Service} {Mesh}: {Manage} {Microservices} in {Kubernetes}},
	isbn = {978-1-4842-5457-8 978-1-4842-5458-5},
	shorttitle = {Getting {Started} with {Istio} {Service} {Mesh}},
	url = {http://link.springer.com/10.1007/978-1-4842-5458-5},
	language = {en},
	urldate = {2020-02-19},
	publisher = {Apress},
	author = {Sharma, Rahul and Singh, Avinash},
	year = {2020},
	doi = {10.1007/978-1-4842-5458-5},
	file = {Sharma und Singh - 2020 - Getting Started with Istio Service Mesh Manage Mi.pdf:C\:\\Users\\Yves Staudenmaier\\Zotero\\storage\\VBGRWG6S\\Sharma und Singh - 2020 - Getting Started with Istio Service Mesh Manage Mi.pdf:application/pdf},
}

@book{baunCloudComputingWebbasierte2010,
	address = {Berlin},
	series = {Informatik im {Fokus}},
	title = {Cloud {Computing}: web-basierte dynamische {IT}-{Services}},
	isbn = {978-3-642-01593-9 978-3-642-01594-6},
	shorttitle = {Cloud {Computing}},
	language = {de},
	publisher = {Springer},
	editor = {Baun, Christian},
	year = {2010},
	note = {OCLC: 552137459},
	file = {Baun - 2010 - Cloud Computing web-basierte dynamische IT-Servic.pdf:C\:\\Users\\Yves Staudenmaier\\Zotero\\storage\\SAQBN5QV\\Baun - 2010 - Cloud Computing web-basierte dynamische IT-Servic.pdf:application/pdf},
}

@inproceedings{qianCloudComputingOverview2009,
	address = {Berlin, Heidelberg},
	series = {Lecture {Notes} in {Computer} {Science}},
	title = {Cloud {Computing}: {An} {Overview}},
	isbn = {978-3-642-10665-1},
	shorttitle = {Cloud {Computing}},
	doi = {10.1007/978-3-642-10665-1_63},
	abstract = {In order to support the maximum number of user and elastic service with the minimum resource, the Internet service provider invented the cloud computing. within a few years, emerging cloud computing has became the hottest technology. From the publication of core papers by Google since 2003 to the commercialization of Amazon EC2 in 2006, and to the service offering of AT\&T Synaptic Hosting, the cloud computing has been evolved from internal IT system to public service, from cost-saving tools to revenue generator, and from ISP to telecom. This paper introduces the concept, history, pros and cons of cloud computing as well as the value chain and standardization effort.},
	language = {en},
	booktitle = {Cloud {Computing}},
	publisher = {Springer},
	author = {Qian, Ling and Luo, Zhiguo and Du, Yujian and Guo, Leitao},
	editor = {Jaatun, Martin Gilje and Zhao, Gansen and Rong, Chunming},
	year = {2009},
	keywords = {Cloud computing, Cloud Storage, Virtualization},
	pages = {626--631},
	file = {Springer Full Text PDF:C\:\\Users\\Yves Staudenmaier\\Zotero\\storage\\XAG6IULG\\Qian et al. - 2009 - Cloud Computing An Overview.pdf:application/pdf},
}

@book{mcgrathUnderstandingPaaS2012,
	title = {Understanding {PaaS}},
	isbn = {978-1-4493-2342-4},
	url = {https://proquest.safaribooksonline.com/9781449323400},
	abstract = {The least understood feature of cloud computing, Platform as a Service (PaaS), is also the most powerful and cost effective. This concise overview shows you why organizations that properly wield PaaS can quickly gain a strong competitive advantage. You{\textquoteright}ll learn how PaaS enables developers to pursue low cost R\&D projects, lets system administrators focus on systems rather than servers, and helps architects evaluate new technology quickly and directly.Many reliable PaaS providers are available today, including services from Amazon, Red Hat, and Google. This book offers valuable advice for technically and not-so-technically minded people who want to understand how PaaS can change the way organizations do computing.Get rudimentary examples of how to initiate projects with a typical PaaS providerConsider language selection, feature set, and general capabilities when evaluating a PaaS solutionAutomate tasks like continuous integration, unit tests, and buildsLearn how to design applications by understanding how PaaS works under the hoodDiscover the critical difference between scaling up and scaling outAnticipate subtle but important differences between traditional computing and PaaS computingChange the way you think about security in the cloud},
	language = {en},
	urldate = {2020-02-19},
	publisher = {O'Reilly Media, Inc.},
	author = {McGrath, Michael P.},
	month = jan,
	year = {2012},
}

@book{altInnovationsorientiertesITManagementMit2017,
	address = {Wiesbaden},
	series = {Essentials},
	title = {Innovationsorientiertes {IT}-{Management} mit {DevOps}: {IT} im {Zeitalter} von {Digitalisierung} und {Software}-defined {Business}},
	isbn = {978-3-658-18703-3 978-3-658-18704-0},
	shorttitle = {Innovationsorientiertes {IT}-{Management} mit {DevOps}},
	language = {en},
	publisher = {Springer Gabler},
	author = {Alt, Rainer and Auth, Gunnar and K{\"o}gler, Christoph},
	year = {2017},
	note = {OCLC: 992991783},
	file = {Alt et al. - 2017 - Innovationsorientiertes IT-Management mit DevOps .pdf:C\:\\Users\\Yves Staudenmaier\\Zotero\\storage\\ASDQTD5X\\Alt et al. - 2017 - Innovationsorientiertes IT-Management mit DevOps .pdf:application/pdf},
}

@article{combeDockerNotDocker2016,
	title = {To {Docker} or {Not} to {Docker}: {A} {Security} {Perspective}},
	volume = {3},
	issn = {2372-2568},
	shorttitle = {To {Docker} or {Not} to {Docker}},
	doi = {10.1109/MCC.2016.100},
	abstract = {The need for ever-shorter development cycles, continuous delivery, and cost savings in cloud-based infrastructures led to the rise of containers, which are more flexible than virtual machines and provide near-native performance. Among all container solutions, Docker, a complete packaging and software delivery tool, currently leads the market. This article gives an overview of the container ecosystem and discusses the Docker environment's security implications through realistic use cases. The authors define an adversary model, point out several vulnerabilities affecting current Docker usage, and discuss further research directions.},
	number = {5},
	journal = {IEEE Cloud Computing},
	author = {Combe, Theo and Martin, Antony and Di Pietro, Roberto},
	month = sep,
	year = {2016},
	keywords = {Cloud computing, cloud computing, cloud-based infrastructures, Computer security, container ecosystem, containers, Containers, Cost benefit analysis, Docker, Docker environment security, Linux, packaging tool, Product life cycle management, security, security of data, security perspective, software delivery tool, software tools, Virtual networks, virtualization},
	pages = {54--62},
	file = {IEEE Xplore Abstract Record:C\:\\Users\\Yves Staudenmaier\\Zotero\\storage\\ST5XDNTU\\7742298.html:text/html;IEEE Xplore Full Text PDF:C\:\\Users\\Yves Staudenmaier\\Zotero\\storage\\DU8H5PIT\\Combe et al. - 2016 - To Docker or Not to Docker A Security Perspective.pdf:application/pdf},
}

@article{bernsteinContainersCloudLXC2014,
	title = {Containers and {Cloud}: {From} {LXC} to {Docker} to {Kubernetes}},
	volume = {1},
	issn = {2372-2568},
	shorttitle = {Containers and {Cloud}},
	doi = {10.1109/MCC.2014.51},
	abstract = {This issue's "Cloud Tidbit" focuses on container technology and how it's emerging as an important part of the cloud computing infrastructure. It looks at Docker, an open source project that automates the faster deployment of Linux applications, and Kubernetes, an open source cluster manager for Docker containers.},
	number = {3},
	journal = {IEEE Cloud Computing},
	author = {Bernstein, David},
	month = sep,
	year = {2014},
	keywords = {Cloud computing, containers, Containers, Linux, cloud, dockers, Google, Home appliances, Runtime, Virtual machine monitors, virtual machines},
	pages = {81--84},
	file = {IEEE Xplore Abstract Record:C\:\\Users\\Yves Staudenmaier\\Zotero\\storage\\YAZQA4R4\\7036275.html:text/html;IEEE Xplore Full Text PDF:C\:\\Users\\Yves Staudenmaier\\Zotero\\storage\\7ZKD9XWB\\Bernstein - 2014 - Containers and Cloud From LXC to Docker to Kubern.pdf:application/pdf},
}

@book{humbleContinuousDeliveryReliable2010,
	title = {Continuous {Delivery}: {Reliable} {Software} {Releases} through {Build}, {Test}, and {Deployment} {Automation}, {Video} {Enhanced} {Edition}},
	isbn = {978-0-321-67025-0},
	shorttitle = {Continuous {Delivery}},
	url = {https://proquest.tech.safaribooksonline.de/9780321670250},
	abstract = {This is the Safari online edition of the printed book.Getting software released to users is often a painful, risky, and time-consuming process. This groundbreaking new book sets out the principles and technical practices that enable rapid, incremental delivery of high quality, valuable new functionality to users. Through automation of the build, deployment, and testing process, and improved collaboration between developers, testers, and operations, delivery teams can get changes released in a matter of hours{\textemdash}sometimes even minutes{\textendash}no matter what the size of a project or the complexity of its code base. Jez Humble and David Farley begin by presenting the foundations of a rapid, reliable, low-risk delivery process. Next, they introduce the {\textquotedblleft}deployment pipeline,{\textquotedblright} an automated process for managing all changes, from check-in to release. Finally, they discuss the {\textquotedblleft}ecosystem{\textquotedblright} needed to support continuous delivery, from infrastructure, data and configuration management to governance. The authors introduce state-of-the-art techniques, including automated infrastructure management and data migration, and the use of virtualization. For each, they review key issues, identify best practices, and demonstrate how to mitigate risks. Coverage includesAutomating all facets of building, integrating, testing, and deploying softwareImplementing deployment pipelines at team and organizational levelsImproving collaboration between developers, testers, and operationsDeveloping features incrementally on large and distributed teamsImplementing an effective configuration management strategyAutomating acceptance testing, from analysis to implementationTesting capacity and other non-functional requirementsImplementing continuous deployment and zero-downtime releasesManaging infrastructure, data, components and dependenciesNavigating risk management, compliance, and auditing Whether you{\textquoteright}re a developer, systems administrator, tester, or manager, this book will help your organization move from idea to release faster than ever{\textemdash}so you can deliver value to your business rapidly and reliably.},
	language = {en},
	urldate = {2020-01-24},
	publisher = {Addison-Wesley Professional},
	author = {Humble, Jez and Farley, David},
	month = jul,
	year = {2010},
	annote = {Muss ich in der Uni Bib Mannheim ausleihen.},
}

@book{lasterContinuousIntegrationVs2017,
	title = {Continuous {Integration} vs. {Continuous} {Delivery} vs. {Continuous} {Deployment}},
	isbn = {978-1-4920-2890-1},
	url = {https://proquest.tech.safaribooksonline.de/9781492028918},
	abstract = {Continuous integration, continuous delivery, and continuous deployment are key software delivery processes in a DevOps environment. But what does each one do for your product development and release cycles? Brent Laster explains what these terms really boil down to, and how they work separately and together to help your team release software.This powerful set of disciplines, best practices, and technologies automates the process of integrating and delivering source code changes from inception through production. Although their implementation may vary, these processes are necessary to ensure that software is released frequently, reliably, and with high quality.You{\textquoteright}ll learn how:Continuous integration ensures that individual code changes are suitable for inclusion in the code base and merged in successfullyContinuous delivery assembles your product, automatically testing the quality and functionality along the way, and produces deliverables that are proven to be deployableContinuous deployment simplifies releasing the product to customers, whether it{\textquoteright}s in the cloud, via download, or in some other format, while also allowing for limited deployments or rolling deployments back},
	language = {en},
	urldate = {2020-01-24},
	publisher = {O'Reilly Media, Inc.},
	author = {Laster, Brent},
	month = nov,
	year = {2017},
}

@article{fowlerContinuousIntegration,
	title = {Continuous {Integration}},
	language = {en},
	author = {Fowler, Martin},
	keywords = {? No DOI found},
	pages = {14},
	file = {Fowler - Continuous Integration.pdf:C\:\\Users\\Yves Staudenmaier\\Zotero\\storage\\7D3VJBDW\\Fowler - Continuous Integration.pdf:application/pdf},
}

@inproceedings{soniEndEndAutomation2015,
	title = {End to {End} {Automation} on {Cloud} with {Build} {Pipeline}: {The} {Case} for {DevOps} in {Insurance} {Industry}, {Continuous} {Integration}, {Continuous} {Testing}, and {Continuous} {Delivery}},
	shorttitle = {End to {End} {Automation} on {Cloud} with {Build} {Pipeline}},
	doi = {10.1109/CCEM.2015.29},
	abstract = {In modern environment, delivering innovative idea in a fast and reliable manner is extremely significant for any organizations. In the existing scenario, Insurance industry need to better respond to dynamic market requirements, faster time to market for new initiatives and services, and support innovative ways of customer interaction. In past few years, the transition to cloud platforms has given benefits such as agility, scalability, and lower capital costs but the application lifecycle management practices are slow with this disruptive change. DevOps culture extends the agile methodology to rapidly create applications and deliver them across environment in automated manner to improve performance and quality assurance. Continuous Integration (CI) and Continuous delivery (CD) has emerged as a boon for traditional application development and release management practices to provide the capability to release quality artifacts continuously to customers with continuously integrated feedback. The objective of the paper is to create a proof of concept for designing an effective framework for continuous integration, continuous testing, and continuous delivery to automate the source code compilation, code analysis, test execution, packaging, infrastructure provisioning, deployment, and notifications using build pipeline concept.},
	booktitle = {2015 {IEEE} {International} {Conference} on {Cloud} {Computing} in {Emerging} {Markets} ({CCEM})},
	author = {Soni, Mitesh},
	month = nov,
	year = {2015},
	note = {ISSN: null},
	keywords = {Cloud computing, Testing, DevOps, cloud computing, agile methodology, Automation, build pipeline, Cloud Computing, code analysis, Configuration management, Configuration Management, continuous delivery, Continuous Delivery, continuous integration, Continuous Integration, continuous testing, Continuous Testing, end to end automation, infrastructure provisioning, Insurance, insurance data processing, insurance industry, notifications, packaging, Pipelines, program diagnostics, program testing, Servers, software deployment, software prototyping, source code (software), source code compilation, test execution},
	pages = {85--89},
	file = {IEEE Xplore Abstract Record:C\:\\Users\\Yves Staudenmaier\\Zotero\\storage\\ND6TSMPR\\7436936.html:text/html;IEEE Xplore Full Text PDF:C\:\\Users\\Yves Staudenmaier\\Zotero\\storage\\ZS4G4RIF\\Soni - 2015 - End to End Automation on Cloud with Build Pipeline.pdf:application/pdf},
}

@article{ebertDevOps2016,
	title = {{DevOps}},
	volume = {33},
	issn = {1937-4194},
	doi = {10.1109/MS.2016.68},
	abstract = {Building on lean and agile practices, DevOps means end-to-end automation in software development and delivery. Hardly anybody will be able to approach it with a cookbook-style approach, but most developers will benefit from better connecting the previously isolated silos of development and operations. Many DevOps tools exist that can help them do this.},
	number = {3},
	journal = {IEEE Software},
	author = {Ebert, Christof and Gallardo, Gorka and Hernantes, Josune and Serrano, Nicolas},
	month = may,
	year = {2016},
	keywords = {Cloud computing, DevOps, Automation, continuous integration, Amazon Web Services, Ansible, apache Ant, AWS, Bamboo, Cacti, Chef, configuration management, cookbook-style approach, DSL, Gradle, Graylog2, Java, Jenkins, Logging, Loggly, Maven, microservices, Monitoring, Nagios, New Relic, Production, Puppet, software delivery, software development, software engineering, TeamCity},
	pages = {94--100},
	file = {IEEE Xplore Abstract Record:C\:\\Users\\Yves Staudenmaier\\Zotero\\storage\\LN83LW3X\\7458761.html:text/html;IEEE Xplore Full Text PDF:C\:\\Users\\Yves Staudenmaier\\Zotero\\storage\\DQ4XGVBF\\Ebert et al. - 2016 - DevOps.pdf:application/pdf},
}

@inproceedings{chenContinuousDeliveryOvercoming2016,
	title = {Continuous {Delivery}: {Overcoming} {Adoption} {Obstacles}},
	shorttitle = {Continuous {Delivery}},
	doi = {10.1109/CSED.2016.023},
	abstract = {Continuous Delivery (CD) can bring huge benefits, but implementing CD is challenging. For some challenges, one can only see them when he/she travels on the journey far enough. Paddy Power has been implementing CD for more than three years. In this talk, I will present the major obstacles we encountered and how we addressed them. These obstacles cover various areas, including organizational, cultural, process, and technical. I will also discuss the areas where I see researchers can help.},
	booktitle = {2016 {IEEE}/{ACM} {International} {Workshop} on {Continuous} {Software} {Evolution} and {Delivery} ({CSED})},
	author = {Chen, Lianping},
	month = may,
	year = {2016},
	note = {ISSN: null},
	keywords = {continuous delivery, Continuous Delivery, software engineering, adoption obstacles, Agile Software Development, CD, Companies, Conferences, Continuous Deployment, Continuous Software Engineering, Cultural differences, Paddy Power, Software, Software engineering, Software reliability, ?? Invalid DOI},
	pages = {84--84},
	file = {IEEE Xplore Abstract Record:C\:\\Users\\Yves Staudenmaier\\Zotero\\storage\\6DCSISVX\\7809441.html:text/html;IEEE Xplore Full Text PDF:C\:\\Users\\Yves Staudenmaier\\Zotero\\storage\\EI3HRJZR\\Chen - 2016 - Continuous Delivery Overcoming Adoption Obstacles.pdf:application/pdf},
}

@inproceedings{chenArchitectingContinuousDelivery2015,
	title = {Towards {Architecting} for {Continuous} {Delivery}},
	doi = {10.1109/WICSA.2015.23},
	abstract = {Continuous Delivery (CD) has emerged as an auspicious software development discipline, with the promise of providing organizations the capability to release valuable software continuously to customers. Our organization has been implementing CD for the last two years. Thus far, we have moved 22 software applications to CD. I observed that CD has created a new context for architecting these applications. In this paper, I will try to characterize such a context of CD, explain why we need to architect for CD, describe the implications of architecting for CD, and discuss the challenges this new context creates. This information can provide insights to other practitioners for architecting their software applications, and provide researchers with input for developing their research agendas to further study this increasingly important topic.},
	booktitle = {2015 12th {Working} {IEEE}/{IFIP} {Conference} on {Software} {Architecture}},
	author = {Chen, Lianping},
	month = may,
	year = {2015},
	note = {ISSN: null},
	keywords = {DevOps, continuous delivery, Pipelines, Monitoring, CD, Companies, Software, Software reliability, architecturally significant requirements, auspicious software development discipline, Computer architecture, Context, continuous deployment, continuous software engineering, non-functional requirements, quality attributes, software architecture},
	pages = {131--134},
	file = {IEEE Xplore Abstract Record:C\:\\Users\\Yves Staudenmaier\\Zotero\\storage\\SRMWMGJH\\7158514.html:text/html;IEEE Xplore Full Text PDF:C\:\\Users\\Yves Staudenmaier\\Zotero\\storage\\QYK8WSBL\\Chen - 2015 - Towards Architecting for Continuous Delivery.pdf:application/pdf},
}

@techreport{schermannEmpiricalStudyPrinciples2016,
	title = {An empirical study on principles and practices of continuous delivery and deployment},
	url = {https://peerj.com/preprints/1889},
	abstract = {Despite substantial recent research activity related to continuous delivery and deployment (CD), there has not yet been a systematic, empirical study on how the practices often associated with continuous deployment have found their way into the broader software industry. This raises the question to what extent our knowledge of the area is dominated by the peculiarities of a small number of industrial leaders, such as Facebook. To address this issue, we conducted a mixed-method empirical study, consisting of a pre-study on literature, qualitative interviews with 20 software developers or release engineers with heterogeneous backgrounds, and a Web-based quantitative survey that attracted 187 complete responses. A major trend in the results of our study is that architectural issues are currently one of the main barriers for CD adoption. Further, feature toggles as an implementation technique for partial rollouts lead to unwanted complexity, and require research on better abstractions and modelling techniques for runtime variability. Finally, we conclude that practitioners are in need for more principled approaches to release decision making, e.g., which features to conduct A/B tests on, or which metrics to evaluate.},
	language = {en},
	number = {e1889v1},
	urldate = {2020-01-08},
	institution = {PeerJ Inc.},
	author = {Schermann, Gerald and Cito, J{\"u}rgen and Leitner, Philipp and Zdun, Uwe and Gall, Harald},
	month = mar,
	year = {2016},
	doi = {10.7287/peerj.preprints.1889v1},
	file = {Snapshot:C\:\\Users\\Yves Staudenmaier\\Zotero\\storage\\GV96U36C\\1889.html:text/html;Full Text PDF:C\:\\Users\\Yves Staudenmaier\\Zotero\\storage\\ZRN4JMRC\\Schermann et al. - 2016 - An empirical study on principles and practices of .pdf:application/pdf},
}

@article{clapsJourneyContinuousDeployment2015,
	title = {On the journey to continuous deployment: {Technical} and social challenges along the way},
	volume = {57},
	issn = {0950-5849},
	shorttitle = {On the journey to continuous deployment},
	url = {http://www.sciencedirect.com/science/article/pii/S0950584914001694},
	doi = {10.1016/j.infsof.2014.07.009},
	abstract = {Context
Continuous Deployment (CD) is an emerging software development process with organisations such as Facebook, Microsoft, and IBM successfully implementing and using the process. The CD process aims to immediately deploy software to customers as soon as new code is developed, and can result in a number of benefits for organisations, such as: new business opportunities, reduced risk for each release, and prevent development of wasted software. There is little academic literature on the challenges organisations face when adopting the CD process, however there are many anecdotal challenges that organisations have voiced on their online blogs.
Objective
The aim of this research is to examine the challenges faced by organisations when adopting CD as well as the strategies to mitigate these challenges.
Method
An explorative case study technique that involves in-depth interviews with software practitioners in an organisation that has adopted CD was conducted to identify these challenges.
Results
This study found a total of 20 technical and social adoption challenges that organisations may face when adopting the CD process. The results are discussed to gain a deeper understanding of the strategies employed by organisations to mitigate the impacts of these challenges.
Conclusion
While a number of individual technical and social adoption challenges were uncovered by the case study in this research, most challenges were not faced in isolation. The severity of these challenges were reduced by a number of mitigation strategies employed by the case study organisation. It is concluded that organisations need to be well prepared to handle technical and social adoption challenges with their existing expertise, processes and tools before adopting the CD process. For practitioners, knowing how to address the challenges an organisation may face when adopting the CD process provides a level of awareness that they previously may not have had.},
	language = {en},
	urldate = {2020-01-08},
	journal = {Information and Software Technology},
	author = {Claps, Gerry Gerard and Berntsson Svensson, Richard and Aurum, Ayb{\"u}ke},
	month = jan,
	year = {2015},
	keywords = {Agile software development, Challenges and mitigation strategies, Continuous deployment, Lean software development},
	pages = {21--31},
	file = {ScienceDirect Full Text PDF:C\:\\Users\\Yves Staudenmaier\\Zotero\\storage\\43V6ZFAV\\Claps et al. - 2015 - On the journey to continuous deployment Technical.pdf:application/pdf;ScienceDirect Snapshot:C\:\\Users\\Yves Staudenmaier\\Zotero\\storage\\LAQACVIS\\S0950584914001694.html:text/html},
}

@article{leppanenHighwaysCountryRoads2015,
	title = {The highways and country roads to continuous deployment},
	volume = {32},
	issn = {1937-4194},
	doi = {10.1109/MS.2015.50},
	abstract = {As part of a Finnish research program, researchers interviewed 15 information and communications technology companies to determine the extent to which the companies adopted continuous deployment. They also aimed to find out why continuous deployment is considered beneficial and what the obstacles are to its full adoption. The benefits mentioned the most often were the ability to get faster feedback, the ability to deploy more often to keep customers satisfied, and improved quality and productivity. Despite understanding the benefits, none of the companies adopted a fully automatic deployment pipeline. The companies also had higher continuous-deployment capability than what they practiced. In many cases, they consciously chose to not aim for full continuous deployment. Obstacles to full adoption included domain-imposed restrictions, resistance to change, customer desires, and developers' skill and confidence.},
	number = {2},
	journal = {IEEE Software},
	author = {Lepp{\"a}nen, Marko and M{\"a}kinen, Simo and Pagels, Max and Eloranta, Veli-Pekka and Itkonen, Juha and M{\"a}ntyl{\"a}, Mika V. and M{\"a}nnist{\"o}, Tomi},
	month = mar,
	year = {2015},
	keywords = {Testing, continuous delivery, continuous integration, Production, software development, software engineering, Software engineering, continuous deployment, change resistance, Continuous production, continuous-deployment capability, customer desires, customer satisfaction, developers confidence, developers skill, domain-imposed restrictions, Finnish research program, fully automatic deployment pipeline, information and communications technology companies, management of change, Software development, software development management, thematic analysis},
	pages = {64--72},
	file = {IEEE Xplore Abstract Record:C\:\\Users\\Yves Staudenmaier\\Zotero\\storage\\SWNW46IX\\7057604.html:text/html;IEEE Xplore Full Text PDF:C\:\\Users\\Yves Staudenmaier\\Zotero\\storage\\LHJIISTL\\Lepp{\"a}nen et al. - 2015 - The highways and country roads to continuous deplo.pdf:application/pdf},
}

@article{chenContinuousDeliveryHuge2015,
	title = {Continuous {Delivery}: {Huge} {Benefits}, but {Challenges} {Too}},
	volume = {32},
	issn = {1937-4194},
	shorttitle = {Continuous {Delivery}},
	doi = {10.1109/MS.2015.27},
	abstract = {Continuous delivery (CD) has emerged as an auspicious alternative to traditional release engineering, promising to provide the capability to release valuable software continuously to customers. Paddy Power has been implementing CD for the past two years. This article explains why Paddy Power decided to adopt CD, describes the resulting CD capability, and reports the huge benefits and challenges involved. These experiences can provide fellow practitioners with insights for their adoption of CD, and the identified challenges can provide researchers valuable input for developing their research agendas.},
	number = {2},
	journal = {IEEE Software},
	author = {Chen, Lianping},
	month = mar,
	year = {2015},
	keywords = {Testing, DevOps, continuous delivery, Pipelines, software deployment, software engineering, Companies, Paddy Power, Software engineering, continuous software engineering, Continuous production, Software development, software development management, CD capability, Context modeling, release engineering, research agendas, research and development, valuable software},
	pages = {50--54},
	file = {IEEE Xplore Abstract Record:C\:\\Users\\Yves Staudenmaier\\Zotero\\storage\\WIFK2U82\\7006384.html:text/html;IEEE Xplore Full Text PDF:C\:\\Users\\Yves Staudenmaier\\Zotero\\storage\\ZVB5E2AY\\Chen - 2015 - Continuous Delivery Huge Benefits, but Challenges.pdf:application/pdf},
}

@inproceedings{neelyContinuousDeliveryEasy2013,
	title = {Continuous {Delivery}? {Easy}! {Just} {Change} {Everything} ({Well}, {Maybe} {It} {Is} {Not} {That} {Easy})},
	shorttitle = {Continuous {Delivery}?},
	doi = {10.1109/AGILE.2013.17},
	abstract = {Rally Software transitioned from shipping code every eight-weeks, with time-boxed Scrum sprints, to a model of continuous delivery with Kanban. The team encountered complex challenges with their build systems, automated test suites, customer enablement, and internal communication. But there was light at the end of the tunnel - greater control and flexibility over feature releases, incremental delivery of value, lower risks, fewer defects, easier on-boarding of new developers, less off-hours work, and a considerable up tick in confidence. This experience report describes the journey to continuous delivery with the aim that others can learn from our mistakes and get their teams deploying more frequently. We will describe and contrast this transition from the business (product management) and engineering perspectives.},
	booktitle = {2013 {Agile} {Conference}},
	author = {Neely, Steve and Stolt, Steve},
	month = aug,
	year = {2013},
	note = {ISSN: null},
	keywords = {Testing, Monitoring, Production, software engineering, Companies, Software, automated test suites, automatic test software, business product management, continuous software delivery, customer enablement, incremental delivery, internal communication, kanban, Kanban, Planning, Rally Software, shipping code, time-boxed Scrum sprints},
	pages = {121--128},
	file = {IEEE Xplore Abstract Record:C\:\\Users\\Yves Staudenmaier\\Zotero\\storage\\LEEXBNXT\\6612887.html:text/html;IEEE Xplore Full Text PDF:C\:\\Users\\Yves Staudenmaier\\Zotero\\storage\\2BKYPDF9\\Neely und Stolt - 2013 - Continuous Delivery Easy! Just Change Everything .pdf:application/pdf},
}

@article{kharbAutomatedDeploymentSoftware2016,
	title = {Automated {Deployment} of {Software} {Containers} {Using} {Dockers}},
	volume = {4},
	abstract = {Over time, due to increased product functionalities, software projects have become more and more complex and along with increasing work completion pressures, the software projects are required to be accomplished in lesser amount of time but with fewer people. In this paper, our focus is on exploring the docker technology: from defining the basic characteristic features, their advantages and limitations to the question behind our minds related to its performance analysis: how docker could help in building better software and lead to some good reproducible research as compared to virtual machines. IT organizations could shrink application delivery from years to months and can achieve up to fifteen times greater efficiency in their use of computing resources by using Docker. Docker containers bind a block of module that contains everything it needs to run: the source code, output and libraries - anything that one can be installed on a domain: this ensures that it will always run similarly without any environmental constraints.},
	language = {en},
	number = {10},
	author = {Kharb, Dr Latika},
	year = {2016},
	pages = {3},
	file = {Kharb - 2016 - Automated Deployment of Software Containers Using .pdf:C\:\\Users\\Yves Staudenmaier\\Zotero\\storage\\7JGC5TXU\\Kharb - 2016 - Automated Deployment of Software Containers Using .pdf:application/pdf},
}

@misc{itcandorCloudComputingMarktanteile2019,
	title = {Cloud {Computing} -- {Marktanteile} der f{\"u}hrenden {Unternehmen} 2019},
	url = {https://de.statista.com/statistik/daten/studie/150979/umfrage/marktanteile-der-fuehrenden-unternehmen-im-bereich-cloud-computing/},
	abstract = {Die Statistik zeigt die Marktanteile der f{\"u}hrenden Anbieter im Bereich Cloud Computing.},
	language = {de},
	urldate = {2020-03-13},
	journal = {Statista},
	author = {{IT Candor}},
	year = {2019},
	note = {Library Catalog: de.statista.com},
	file = {Snapshot:C\:\\Users\\Yves Staudenmaier\\Zotero\\storage\\C6NJJ3EX\\marktanteile-der-fuehrenden-unternehmen-im-bereich-cloud-computing.html:text/html},
}

@book{instituteofelectricalandelectronicsengineers2011InternationalConference2011,
	address = {Piscataway, NJ},
	title = {2011 {International} {Conference} on {Computer} and {Management} ({CAMAN} 2011): {Wuhan}, {China}, 19 - 21 {May} 2011},
	isbn = {978-1-4244-9282-4 978-1-4244-9283-1},
	shorttitle = {2011 {International} {Conference} on {Computer} and {Management} ({CAMAN} 2011)},
	language = {eng},
	urldate = {2020-04-15},
	publisher = {IEEE},
	editor = {Institute of Electrical {and} Electronics Engineers},
	year = {2011},
	note = {Meeting Name: International Conference on Computer and Management
OCLC: 838686677},
	annote = {Parallel als Online-Ausg. erschienen},
	file = {Table of Contents PDF:C\:\\Users\\Yves Staudenmaier\\Zotero\\storage\\3F3U2V8L\\Institute of Electrical and Electronics Engineers - 2011 - 2011 International Conference on Computer and Mana.pdf:application/pdf},
}

@inproceedings{instituteofelectricalandelectronicsengineersCloudComputingDeployment2011,
	address = {Wuhan, China},
	title = {Cloud {Computing}: {Deployment} {Models}, {Delivery} {Models}, {Risks} and {Research} {Challenges}},
	isbn = {978-1-4244-9283-1 978-1-4244-9282-4},
	url = {https://ieeexplore.ieee.org/abstract/document/5778816},
	doi = {10.1109/CAMAN.2011.5778816},
	language = {eng},
	urldate = {2020-04-15},
	publisher = {IEEE},
	editor = {{Institute of Electrical and Electronics Engineers}},
	year = {2011},
	note = {OCLC: 838686677},
	pages = {1--4},
	file = {05778816.pdf:C\:\\Users\\Yves Staudenmaier\\Zotero\\storage\\KPICDWKF\\05778816.pdf:application/pdf},
}

@misc{ict/1InformationTechnologyObject2020,
	title = {Information technology. {Object} {Management} {Group} {Business} {Process} {Model} and {Notation}},
	shorttitle = {{ISO}/{IEC} 19510:2013},
	url = {https://www.omg.org/spec/BPMN/2.0/PDF},
	language = {deutsch},
	urldate = {2020-02-26},
	publisher = {British Standards Institution},
	author = {{ICT/1}},
	month = feb,
	year = {2020},
}

@book{hullRequirementsEngineering2011,
	address = {London; New York},
	edition = {3rd ed},
	title = {Requirements engineering},
	isbn = {978-1-84996-404-3 978-1-84996-405-0},
	publisher = {Springer},
	author = {Hull, Elizabeth and Jackson, Ken and Dick, Jeremy},
	year = {2011},
	keywords = {Systems engineering},
	file = {2004_Hull_Requirements Engineering.pdf:C\:\\Users\\Yves Staudenmaier\\Zotero\\storage\\IPIUSGVK\\2004_Hull_Requirements Engineering.pdf:application/pdf},
}

@book{hillGuideCloudComputing2013,
	address = {London; New York},
	series = {Computer communications and networks},
	title = {Guide to cloud computing: principles and practice},
	isbn = {978-1-4471-4602-5 978-1-4471-4603-2},
	shorttitle = {Guide to cloud computing},
	publisher = {Springer},
	editor = {Hill, Richard},
	year = {2013},
	note = {OCLC: ocn807043821},
	keywords = {Cloud computing},
	file = {2013_Book_GuideToCloudComputing.pdf:C\:\\Users\\Yves Staudenmaier\\Zotero\\storage\\XZFBT7XJ\\2013_Book_GuideToCloudComputing.pdf:application/pdf},
}

@inproceedings{hermanThisReallyWorth2009,
	address = {Orlando, FL, USA},
	title = {Is this really worth the effort? {The} need for a business case},
	url = {https://www.pmi.org/learning/library/need-business-case-6730},
	abstract = {Project success is no longer determined by meeting cost, time, and scope constraints. Today's projects must also deliver business value. This paper examines how project managers can develop effective business cases for their projects. In doing so, it describes the purpose of implementing projects, listing the PRINCE2's three parameters for evaluating projects. It identifies the five problems that can result when organizations fail to develop business cases for projects; it explains the way a business case can help organizations generate value from initiatives, noting five questions for learning from projects. It also overviews the reasons why organizations should develop business cases, defining seven concepts shaping a business case. It then outlines the process of creating a business case to justify investments in projects, detailing the factors that shape a business case's development. It summarizes the key components constituting PRINCE2's benefits review plan.},
	language = {en},
	urldate = {2020-03-19},
	booktitle = {{PMI} {Global} {Congress}, {Orlando}, {FL}, {October}},
	publisher = {PMI},
	author = {Herman, B. and Siegelaub, J.},
	year = {2009},
	keywords = {? No DOI found},
	file = {Herman and Siegelaub - 2009 - Is this really worth the effort The need for a bu.pdf:C\:\\Users\\Yves Staudenmaier\\Zotero\\storage\\ESNMEHTK\\Herman and Siegelaub - 2009 - Is this really worth the effort The need for a bu.pdf:application/pdf},
}

@misc{googlellcGoogleScholarSuche2020,
	title = {Google {Scholar} -- {Suche} nach {Hull}},
	url = {https://scholar.google.de/scholar?hl=de&as_sdt=0%2C5&q=hull+elizabeth+requirements+engineering&btnG=&oq=hull+elizabeth+requirements+engi},
	language = {English},
	urldate = {2020-04-21},
	author = {{Google LLC}},
	month = apr,
	year = {2020},
}

@misc{gartnerCloudComputingUmsatz2019,
	title = {Cloud {Computing} -- {Umsatz} bis 2022},
	url = {https://de.statista.com/statistik/daten/studie/195760/umfrage/umsatz-mit-cloud-computing-weltweit/},
	abstract = {Die Statistik veranschaulicht die Ausgaben f{\"u}r Cloud Computing Services von 2010 bis 2018 und gibt eine Prognose bis 2022.},
	language = {de},
	urldate = {2020-03-13},
	journal = {Statista},
	author = {{Gartner}},
	year = {2019},
	note = {Library Catalog: de.statista.com},
	file = {Snapshot:C\:\\Users\\Yves Staudenmaier\\Zotero\\storage\\QUETUU7L\\umsatz-mit-cloud-computing-weltweit.html:text/html},
}

@misc{dindeutschesinstitutfurnormungInformationstechnikCloudComputing2020,
	title = {Informationstechnik -- {Cloud} {Computing} -- {Referenzarchitektur} ({ISO}/{IEC} 17789:2014)},
	shorttitle = {{ISO}/{IEC} 17789:2014},
	url = {https://perinorm-fr.redi-bw.de/perinorm/fulltext.ashx?fulltextid=230150cb1880449295f493e21a445a20&userid=96f4b659-56a0-45ff-a5be-da1774bd04e8},
	abstract = {Diese Norm (Deutsche Fassung von ISO/IEC 17789) spezifiziert eine Cloud Computing-Referenzarchitektur (CCRA). Die Referenzarchitektur umfasst Cloud Computing-Funktionen, Cloud Computing-Aktivit{\"a}ten sowie Cloud Computing-Funktionskomponenten und ihre Beziehungen untereinander.},
	language = {deutsch},
	publisher = {Beuth Verlag GmbH},
	author = {DIN	Deutsches Institut f{\"u}r Normung, e. V.},
	month = feb,
	year = {2020},
}

@misc{dindeutschesinstitutfurnormungInformationstechnikCloudComputing2020a,
	title = {Informationstechnik -- {Cloud} {Computing} -- {\"U}bersicht und {Vokabular} ({ISO}/{IEC} 17788:2014)},
	shorttitle = {{ISO}/{IEC} 17788:2014},
	url = {https://perinorm-fr.redi-bw.de/perinorm/fulltext.ashx?fulltextid=94c35b8fadfc4c51853726beaf30dda2&userid=96f4b659-56a0-45ff-a5be-da1774bd04e8},
	abstract = {Diese Norm (Deutsche Fassung von ISO/IEC 17788) bietet einen {\"U}berblick {\"u}ber Cloud Computing und definiert verwandte Begriffe. Die Begriffe in diesem Standard stellen h{\"a}ufig verwendete Begriffe und Definitionen in Cloud Computing-Standards dar ohne dabei alle in Cloud Computing-Standards verwendete Begriffe und Definitionen abzudecken oder die Definition von zus{\"a}tzlichen Begriffen auszuschlie{\ss}en.},
	language = {deutsch},
	publisher = {Beuth Verlag GmbH},
	author = {DIN	Deutsches Institut f{\"u}r Normung, e. V.},
	month = feb,
	year = {2020},
	file = {DIN Deutsches Institut f{\"u}r Normung - 2020 - Informationstechnik - Cloud Computing - {\"U}bersicht .pdf:C\:\\Users\\Yves Staudenmaier\\Zotero\\storage\\8ASQ2SLM\\DIN Deutsches Institut f{\"u}r Normung - 2020 - Informationstechnik - Cloud Computing - {\"U}bersicht .pdf:application/pdf},
}

@misc{dinInformationstechnikSicherheitsverfahrenInformationssicherheitsmanagementsysteme2020,
	title = {Informationstechnik -- {Sicherheitsverfahren} -- {Informationssicherheitsmanagementsysteme} - {Anforderungen} ({ISO}/{IEC} 27001:2013 einschlie{\ss}lich {Cor} 1:2014 und {Cor} 2:2015); {Deutsche} {Fassung} {EN} {ISO}/{IEC} 27001:2017},
	shorttitle = {{DIN}	{EN} {ISO}/{IEC} 27001:2017},
	url = {https://perinorm-fr.redi-bw.de/perinorm/fulltext.ashx?fulltextid=b13c1f6be2f04f0298a6f7c96b1bbad1&userid=96f4b659-56a0-45ff-a5be-da1774bd04e8},
	abstract = {Dieses Dokument gilt f{\"u}r alle Organisationsarten (z. B. Handelsunternehmen, Regierungsstellen, gemeinn{\"u}tzige Gesellschaften). Dieses Dokument legt die Anforderungen an Aufstellen, Umsetzen, Betrieb, {\"U}berwachung, Bewertung, Wartung und Verbesserung von dokumentierten Informationssicherheit-Managementsystemen in Bezug auf die allgemeinen Gesch{\"a}ftsrisiken einer Organisation fest. Es legt au{\ss}erdem die Anforderungen an die Einf{\"u}hrung von auf die Bed{\"u}rfnisse einer Organisation oder Teilen davon zugeschnittenen Sicherheitskontrollen fest. Das Informationssicherheits-Managementsystem ist daf{\"u}r entwickelt worden, die Auswahl ausreichender und angemessener Sicherheitskontrollen zu gew{\"a}hrleisten, die den Informationsbestand sichern und interessierten Partnern Vertrauensw{\"u}rdigkeit vermitteln.},
	language = {deutsch},
	publisher = {Beuth Verlag GmbH},
	author = {DIN, Deutsches Institut f{\"u}r Normung and DIN	Deutsches Institut f{\"u}r Normung, e. V.},
	month = feb,
	year = {2020},
	file = {DIN EN ISO-IEC 27001.pdf:C\:\\Users\\Yves Staudenmaier\\Zotero\\storage\\V4JW3D4U\\DIN EN ISO-IEC 27001.pdf:application/pdf},
}

@article{brewerCAPTwelveYears2012,
	title = {{CAP} twelve years later: {How} the "rules"  have changed},
	volume = {45},
	issn = {0018-9162, 1558-0814},
	shorttitle = {{CAP} twelve years later},
	url = {https://ieeexplore.ieee.org/document/6133253/},
	doi = {10.1109/MC.2012.37},
	abstract = {The CAP theorem asserts that any networked shared-data system can have only two of three desirable properties. However, by explicitly handling partitions, designers can optimize consistency and availability, thereby achieving some trade-off of all three. The featured Web extra is a podcast from Software Engineering Radio, in which the host interviews Dwight Merriman about the emerging NoSQL movement, the three types of nonrelational data stores, Brewer's CAP theorem, and much more.},
	number = {2},
	urldate = {2020-04-08},
	journal = {Computer},
	author = {Brewer, Eric},
	month = feb,
	year = {2012},
	pages = {23--29},
}

@misc{googleirelandlimitedContainerUndIhre2020,
	title = {Container und ihre {Vorteile}},
	url = {https://cloud.google.com/containers?hl=de},
	abstract = {Bei Google wird von Gmail bis YouTube alles in Containern ausgef{\"u}hrt. Mit diesem Know-how bieten wir Ihnen die neuesten Container-Innovationen auf der Google Cloud Platform.},
	language = {de},
	urldate = {2020-03-21},
	journal = {Google Cloud},
	author = {{Google Ireland Limited}},
	year = {2020},
	note = {Library Catalog: cloud.google.com},
	file = {Snapshot:C\:\\Users\\Yves Staudenmaier\\Zotero\\storage\\JAZLG27H\\containers.html:text/html},
}

@misc{redhatinc.OKDLatestDocumentation2019,
	type = {2019-05-01},
	title = {{OKD} {Latest} {Documentation}},
	shorttitle = {{OKD} {Latest} {Docu}},
	url = {https://docs.okd.io/latest/welcome/index.html},
	abstract = {Welcome to the OKD Latest documentation, where you can find information to help you learn about OKD and start exploring its features.

To navigate the OKD Latest documentation, you can either

    Use the left navigation bar to browse the documentation or

    Select the activity that interests you from the contents of this Welcome page

You can start with an Introduction to OKD},
	language = {English},
	urldate = {2020-04-21},
	journal = {OKD Latest Documentation},
	author = {{Red Hat, Inc.}},
	month = may,
	year = {2019},
}

@misc{canonicalltd.LinuxContainers2020,
	title = {Linux {Containers}},
	copyright = {Creative Commons CC BY NC SA},
	url = {https://linuxcontainers.org/},
	language = {en},
	urldate = {2020-03-17},
	journal = {Linux Container},
	author = {{Canonical Ltd.}},
	year = {2020},
	file = {Linux Containers:C\:\\Users\\Yves Staudenmaier\\Zotero\\storage\\B5K2T7YL\\linuxcontainers.org.html:text/html},
}

@misc{broadcominc.AutomicAutomation2020,
	title = {Automic {Automation}},
	url = {https://www.broadcom.com/products/software/automation/digital-business-automation/automic-automation},
	abstract = {Drive growth of your company and accelerate your digital transformation. Digital Business Automation with Automic{\textregistered}Automation.},
	urldate = {2020-04-16},
	author = {{Broadcom Inc.}},
	year = {2020},
	note = {Library Catalog: www.broadcom.com},
	file = {Snapshot:C\:\\Users\\Yves Staudenmaier\\Zotero\\storage\\D7UQWCL6\\automic-automation.html:text/html},
}

@misc{svsparkassenversicherungSVKompaktProfil2019,
	title = {{SV} kompakt -- {Profil} und {Positionen}},
	shorttitle = {{SV} kompakt 2019},
	url = {https://www.sparkassenversicherung.de/export/sites/svag/_resources/download_galerien/die_sv/geschaeftsberichte/SV_Kompakt_2020.pdf},
	language = {German},
	urldate = {2020-04-15},
	publisher = {SV SparkassenVersicherung},
	author = {{SV SparkassenVersicherung}},
	editor = {Knittel, Sylvia},
	collaborator = {R{\"o}sch, Stefanie},
	year = {2019},
}

@misc{camundaservicesgmbhWorkflowUndDecision2020,
	title = {Workflow und {Decision} {Automation} {\textbar} {Camunda} {BPM}},
	url = {https://camunda.com/de/},
	language = {eng},
	urldate = {2020-04-14},
	journal = {Camunda},
	author = {{Camunda Services GmbH}},
	year = {2020},
	file = {Workflow und Decision Automation | Camunda BPM:C\:\\Users\\Yves Staudenmaier\\Zotero\\storage\\FES8BJG4\\de.html:text/html},
}

@misc{internationalorganizationforstandardizationISOIEC250102011,
	title = {{ISO}/{IEC} 25010:2011},
	shorttitle = {{ISO}/{IEC} 25010},
	url = {https://www.iso.org/cms/render/live/en/sites/isoorg/contents/data/standard/03/57/35733.html},
	abstract = {Systems and software engineering {\textemdash} Systems and software Quality Requirements and Evaluation (SQuaRE) {\textemdash} System and software quality models},
	language = {en},
	urldate = {2020-04-12},
	journal = {ISO},
	author = {{International Organization for Standardization}},
	year = {2011},
	note = {Library Catalog: www.iso.org},
	file = {Snapshot:C\:\\Users\\Yves Staudenmaier\\Zotero\\storage\\SQERF7ZH\\35733.html:text/html},
}

@incollection{mccrackenBackusNaurFormBNF2003,
	address = {GBR},
	title = {Backus-{Naur} {Form} ({BNF})},
	isbn = {0-470-86412-5},
	booktitle = {Encyclopedia of {Computer} {Science}},
	publisher = {John Wiley and Sons Ltd.},
	author = {McCracken, Daniel D. and Reilly, Edwin D.},
	year = {2003},
	pages = {129--131},
}

@misc{objectmanagementgroupomgUnifiedModelingLanguage2017,
	title = {Unified {Modeling} {Language} ({UML})},
	copyright = {RF-Limited},
	shorttitle = {{UML} v2.5.1},
	url = {https://www.omg.org/spec/UML/2.5.1/PDF},
	abstract = {A specification defining a graphical language for visualizing, specifying, constructing, and documenting the artifacts of distributed object systems.},
	language = {en},
	urldate = {2020-04-06},
	publisher = {Object Management Group (OMG)},
	author = {{Object Management Group (OMG)}},
	month = dec,
	year = {2017},
}

@misc{ruppFormulierungsregelFurFunktionalen2020,
	title = {Formulierungsregel f{\"u}r die funktionalen {Anforderungen}},
	url = {https://www.pst.ifi.lmu.de/Lehre/fruhere-semester/sose-2009/seprakt/Formulierungsregel_DE_Rupp_Schablone.pdf},
	language = {deutsch},
	urldate = {2020-04-03},
	author = {Rupp, C.},
	month = apr,
	year = {2020},
	file = {Rupp - 2020 - Formulierungsregel f{\"u}r die funktionalen Anforderun.pdf:C\:\\Users\\Yves Staudenmaier\\Zotero\\storage\\5EP52UJR\\Rupp - 2020 - Formulierungsregel f{\"u}r die funktionalen Anforderun.pdf:application/pdf},
}

@misc{redhatinc.CLIOperationsCLI2020,
	title = {{CLI} {Operations} {\textbar} {CLI} {Reference} {\textbar} {OpenShift} {Enterprise} 3.0},
	url = {https://docs.openshift.com/enterprise/3.0/cli_reference/basic_cli_operations.html},
	abstract = {This topic provides information on the CLI operations and their syntax. You must setup and login with the CLI before you can perform these operations.},
	urldate = {2020-04-03},
	author = {{Red Hat, Inc.}},
	year = {2020},
	file = {CLI Operations | CLI Reference | OpenShift Enterprise 3.0:C\:\\Users\\Yves Staudenmaier\\Zotero\\storage\\CUHG5QSR\\basic_cli_operations.html:text/html},
}

@misc{djangosoftwarefoundationWebFrameworkPerfectionists2020,
	title = {The {Web} framework for perfectionists with deadlines {\textbar} {Django}},
	url = {https://www.djangoproject.com/},
	abstract = {Django makes it easier to build better Web apps more quickly and with less code.},
	urldate = {2020-04-03},
	author = {{Django Software Foundation}},
	year = {2020},
	file = {The Web framework for perfectionists with deadlines | Django:C\:\\Users\\Yves Staudenmaier\\Zotero\\storage\\UVIU2JTM\\www.djangoproject.com.html:text/html},
}

@book{dumpletonDeployingOpenShiftGuide2018,
	address = {Sebastopol, CA},
	edition = {First edition},
	title = {Deploying to {OpenShift}: a guide for busy developers},
	isbn = {978-1-4919-5716-5},
	shorttitle = {Deploying to {OpenShift}},
	publisher = {O'Reilly Media},
	author = {Dumpleton, Graham},
	year = {2018},
	note = {OCLC: on1032582322},
	keywords = {Web site development, Development Computer programs, Web applications, Cloud computing},
	file = {Dumpleton - 2018 - Deploying to OpenShift a guide for busy developer.pdf:C\:\\Users\\Yves Staudenmaier\\Zotero\\storage\\ELYGCY5T\\Dumpleton - 2018 - Deploying to OpenShift a guide for busy developer.pdf:application/pdf},
}

@misc{thepeopleofthegnupgprojectGNUPrivacyGuard2020,
	title = {The {GNU} {Privacy} {Guard}},
	copyright = {https://gnupg.org/copying.html},
	url = {https://gnupg.org/},
	abstract = {GnuPG is a free implementation of OpenPGP},
	language = {en},
	urldate = {2020-04-02},
	author = {{The People of the GnuPG Project}},
	month = jan,
	year = {2020},
	note = {Library Catalog: gnupg.org
Publisher: The GnuPG Project},
	file = {Snapshot:C\:\\Users\\Yves Staudenmaier\\Zotero\\storage\\HPJ7JLAN\\gnupg.org.html:text/html},
}

@book{dechangeProjektmanagementSchnellErfasst2020,
	address = {Berlin, Heidelberg},
	series = {Wirtschaft {\textendash} {Schnell} erfasst},
	title = {Projektmanagement {\textendash} {Schnell} erfasst},
	isbn = {978-3-662-57666-3 978-3-662-57667-0},
	url = {http://link.springer.com/10.1007/978-3-662-57667-0},
	abstract = {Dieses Lehrbuch bietet eine verst{\"a}ndliche und aktuelle Einf{\"u}hrung in das Managen von Projekten aller Art. Das Arbeiten in Projekten nimmt weiter rasant zu und stellt schon heute eine der wichtigsten Arbeitsformen in den meisten Betrieben dar. Auf Basis einer umfassenden Einf{\"u}hrung in die Begriffe, Ans{\"a}tze, Sichtweisen und Strukturierungsm{\"o}glichkeiten von Projekten und des Projektmanagements werden die wesentlichen Planungs- und Steuerungselemente mit den entsprechenden Methoden und Instrumenten anschaulich erkl{\"a}rt.
In weiteren Teilen werden die im Rahmen von Projekten notwendigen Softskills {\textendash} wie Selbstmanagement, Teammanagement, F{\"u}hrung, Kommunikation und Konfliktmanagement {\textendash} erkl{\"a}rt und anhand geeigneter Beispiele verdeutlicht. Eine Einf{\"u}hrung in die Themen Multiprojektmanagement sowie agiles Projektmanagement rundet das Buch ab. Die pr{\"a}gnante Darstellung anhand eines durchg{\"a}ngigen Projekt-Beispiels sowie die leserfreundliche Struktur erm{\"o}glichen dem Leser eine schnelle Einarbeitung in das Themengebiet. Das Buch ist auch als Nachschlagewerk f{\"u}r Praktiker und zum Selbststudium geeignet},
	language = {de},
	urldate = {2020-04-01},
	publisher = {Springer Berlin Heidelberg},
	author = {Dechange, Andr{\'e}},
	year = {2020},
	doi = {10.1007/978-3-662-57667-0},
}

@misc{bundesamtfursicherheitinderinformationstechnikbsiLeitfadenZurBasisAbsicherung2017,
	title = {Leitfaden zur {Basis}-{Absicherung} nach {IT}-{Grundschutz}: {In} 3 {Schritten} zur {Informationssicherheit}},
	shorttitle = {Leitfaden zur {Basis}-{Absicherung}},
	url = {https://www.bsi.bund.de/SharedDocs/Downloads/DE/BSI/Publikationen/Broschueren/Leitfaden_zur_Basis-Absicherung.html},
	abstract = {Der {\quotedblbase}Leitfaden zur Basis-Absicherung nach IT-Grundschutz: In 3 Schritten zur Informationssicherheit{\textquotedblleft} liefert einen kompakten und {\"u}bersichtlichen Einstieg zum Aufbau eines Informationssicherheitsmanagementsystems (ISMS) in einer Institution. Er ist besonders f{\"u}r kleine und mittelst{\"a}ndische Unternehmen und Beh{\"o}rden geeignet, die sich zum ersten Mal mit grundlegenden Fragen zur Informationssicherheit befassen wollen. Basierend auf dem BSI-Standard 200-2 zur IT-Grundschutz-Methodik sind in dem Leitfaden die elementaren Schritte zur {\"U}berpr{\"u}fung und Steigerung des Informationssicherheitsniveaus erl{\"a}utert.},
	language = {deutsch},
	urldate = {2020-03-27},
	publisher = {Bundesamt f{\"u}r Sicherheit in der Informationstechnik (BSI)},
	author = {{Bundesamt f{\"u}r Sicherheit in der Informationstechnik (BSI)}},
	month = oct,
	year = {2017},
}

@misc{bundesamtfursicherheitinderinformationstechnikbsiZuordnungstabelleISOModernisierten2018,
	title = {Zuordnungstabelle {ISO} zum modernisierten {IT}-{Grundschutz}},
	shorttitle = {Zuordnungstabelle {ISO} zum modernisierten {IT}-{Grundschutz}},
	url = {https://www.bsi.bund.de/SharedDocs/Downloads/DE/BSI/Grundschutz/Kompendium/Zuordnung_ISO_und_modernisierter_IT_Grundschutz.pdf;jsessionid=5ADB145EF2581C0DD41F6CBA3A7048F8.2_cid360?__blob=publicationFile&v=9},
	abstract = {Der IT-Grundschutz interpretiert im BSI-Standard 200-2 die Anforderungen bzw. Ma{\ss}nahmen der ISO-Normen 27001 sowie 27002. Das IT-Grundschutz-Kompendium bietet den Anwendern in den IT-Grundschutz-Bausteinen dazu konkrete Hilfestellungen, um die generischen ISO-Anforderungen zu erf{\"u}llen. Das BSI unterst{\"u}tzt nun die IT-Grundschutz-Anwender mit einer neuen Zuordnungstabelle bei der Abbildung der Inhalte von der ISO 27001/2 auf den IT-Grundschutz. F{\"u}r diejenigen, die sich mit beiden Standards zur Informationssicherheit befassen, bringt die neue Tabelle eine deutliche Arbeitserleichterung mit sich.},
	language = {deutsch},
	urldate = {2020-03-27},
	publisher = {Bundesamt f{\"u}r Sicherheit in der Informationstechnik (BSI)},
	author = {{Bundesamt f{\"u}r Sicherheit in der Informationstechnik (BSI)}},
	month = apr,
	year = {2018},
}

@misc{bundesanstaltfurfinanzdienstleistungsaufsichtbafinVersicherungsaufsichtlicheAnforderungenIT2019,
	title = {Versicherungsaufsichtliche {Anforderungen} an die {IT} ({VAIT}) -- {Rundschreiben} 10/2018 ({VA}) in der {Fassung} vom 20.03.2019},
	shorttitle = {Versicherungsaufsichtliche {Anforderungen} an die {IT} ({VAIT})},
	url = {https://www.bafin.de/SharedDocs/Veroeffentlichungen/DE/Rundschreiben/2018/rs_18_10_vait_va.html;jsessionid=914BA86EEDA2C11EE73A43FAD88F0822.1_cid361?nn=9021442},
	abstract = {Der Einsatz von Informationstechnik (IT) in den Unternehmen, auch unter Einbeziehung von IT-Services, die durch IT-Dienstleister bereitgestellt werden, hat eine zentrale Bedeutung f{\"u}r Versicherungsunternehmen und Pensionsfonds. Dieses Rundschreiben enth{\"a}lt Hinweise zur Auslegung der Vorschriften {\"u}ber die Gesch{\"a}ftsorganisation im Versicherungsaufsichtsgesetz (VAG), soweit sie sich auf die technisch-organisatorische Ausstattung der Unternehmen beziehen. Es legt diese Vorschriften f{\"u}r die BaFin verbindlich aus und gew{\"a}hrleistet hierdurch eine konsistente Anwendung gegen{\"u}ber allen Unternehmen und Gruppen. Das Rundschreiben gibt einen flexiblen und praxisnahen Rahmen vor, insbesondere f{\"u}r das Management der IT-Ressourcen, f{\"u}r das Informationsrisikomanagement und das Informationssicherheitsmanagement.},
	language = {de},
	urldate = {2020-03-27},
	publisher = {Bundesanstalt f{\"u}r Finanzdienstleistungsaufsicht (BaFin)},
	author = {{Bundesanstalt f{\"u}r Finanzdienstleistungsaufsicht (BaFin)}},
	month = mar,
	year = {2019},
	file = {Bundesanstalt f{\"u}r Finanzdienstleistungsaufsicht (BaFin) - 2019 - Versicherungsaufsichtliche Anforderungen an die IT.pdf:C\:\\Users\\Yves Staudenmaier\\Zotero\\storage\\R7EIFXBP\\Bundesanstalt f{\"u}r Finanzdienstleistungsaufsicht (BaFin) - 2019 - Versicherungsaufsichtliche Anforderungen an die IT.pdf:application/pdf},
}

@misc{deutschesinstitutfurnormunge.v.InformationstechnikSicherheitsverfahrenLeitfaden2017,
	title = {Informationstechnik - {Sicherheitsverfahren} - {Leitfaden} f{\"u}r {Informationssicherheitsma{\ss}nahmen} ({ISO}/{IEC} 27002:2013 einschlie{\ss}lich {Cor} 1:2014 und {Cor} 2:2015); {Deutsche} {Fassung} {EN} {ISO}/{IEC} 27002:2017},
	shorttitle = {{DIN}	{EN} {ISO}/{IEC} 27002:2017},
	url = {https://perinorm-fr.redi-bw.de/perinorm/fulltext.ashx?fulltextid=ae4372165f8d4fa1bb8bff06b0923e46&userid=96f4b659-56a0-45ff-a5be-da1774bd04e8},
	abstract = {Dieses Dokument gibt Empfehlungen f{\"u}r das Informationssicherheitsmanagement zur Anwendung durch diejenigen Personen, die in einer Organisation f{\"u}r die Einf{\"u}hrung, Implementierung und Erhaltung der Sicherheit verantwortlich sind. Diese sollten eine gemeinsame Basis zur Entwicklung von organisationsbezogenen Sicherheitsnormen und effektiven Sicherheitsmanagementpraktiken bilden und Vertrauen in die Gesch{\"a}ftsbeziehungen zwischen Organisationen herstellen.},
	language = {deutsch},
	urldate = {2020-03-27},
	publisher = {Beuth Verlag GmbH},
	author = {{Deutsches Institut f{\"u}r Normung, e.V.}},
	month = jun,
	year = {2017},
}

@misc{dindeutschesinstitutfurnormungInformationstechnikSicherheitsverfahrenInformationssicherheitsManagementsysteme2019,
	title = {Informationstechnik {\textendash}{Sicherheitsverfahren} {\textendash}{Informationssicherheits}-{Managementsysteme} {\textendash} {\"U}berblick und {Terminologie} ({ISO}/{IEC} 27000:2018);{Deutsche} und {Englische} {Fassung} {prEN} {ISO}/{IEC} 27000:2019},
	shorttitle = {{DIN}	{EN} {ISO}/{IEC} 27000:2019},
	url = {https://perinorm-fr.redi-bw.de/perinorm/fulltext.ashx?fulltextid=3fb39d48521c4797907ba51ad7c443da&userid=96f4b659-56a0-45ff-a5be-da1774bd04e8},
	abstract = {Dieses Dokument gilt f{\"u}r alle Organisationsarten (z. B. Handelsunternehmen, Regierungsstellen, gemeinn{\"u}tzige Gesellschaften). Dieses Dokument gibt einen {\"U}berblick {\"u}ber die Informationssicherheits-Managementsysteme nach ISO/IEC 2700x und das verwendete Vokabular. Das Informationssicherheits-Managementsystem nach ISO/IEC 2700x ist daf{\"u}r entwickelt worden, die Auswahl ausreichender und angemessener Sicherheitskontrollen zu gew{\"a}hrleisten, die den Informationsbestand einer Organisation sichern und interessierten Partnern Vertrauensw{\"u}rdigkeit vermitteln.},
	language = {deutsch},
	urldate = {2020-03-27},
	publisher = {Beuth Verlag GmbH},
	author = {DIN	Deutsches Institut f{\"u}r Normung, e. V.},
	month = jul,
	year = {2019},
}

@book{kerstenITSicherheitsmanagementNachNeuen2020,
	address = {Wiesbaden},
	series = {Edition {\textless}kes{\textgreater}},
	title = {{IT}-{Sicherheitsmanagement} nach der neuen {ISO} 27001: {ISMS}, {Risiken}, {Kennziffern}, {Controls}},
	isbn = {978-3-658-27691-1 978-3-658-27692-8},
	shorttitle = {{IT}-{Sicherheitsmanagement} nach der neuen {ISO} 27001},
	url = {http://link.springer.com/10.1007/978-3-658-27692-8},
	language = {de},
	urldate = {2020-03-26},
	publisher = {Springer Fachmedien Wiesbaden},
	author = {Kersten, Heinrich and Klett, Gerhard and Reuter, J{\"u}rgen and Schr{\"o}der, Klaus-Werner},
	year = {2020},
	doi = {10.1007/978-3-658-27692-8},
	file = {Kersten et al. - 2020 - IT-Sicherheitsmanagement nach der neuen ISO 27001.pdf:C\:\\Users\\Yves Staudenmaier\\Zotero\\storage\\RQJGDYUJ\\Kersten et al. - 2020 - IT-Sicherheitsmanagement nach der neuen ISO 27001.pdf:application/pdf},
}

@book{hanschkeInformationssicherheitUndDatenschutz2020,
	address = {Wiesbaden},
	series = {essentials},
	title = {Informationssicherheit und {Datenschutz} systematisch und nachhaltig gestalten: {Eine} kompakte {Einf{\"u}hrung} in die {Praxis}},
	isbn = {978-3-658-28698-9 978-3-658-28699-6},
	shorttitle = {Informationssicherheit und {Datenschutz} systematisch und nachhaltig gestalten},
	url = {http://link.springer.com/10.1007/978-3-658-28699-6},
	language = {de},
	urldate = {2020-03-26},
	publisher = {Springer Fachmedien Wiesbaden},
	author = {Hanschke, Inge},
	year = {2020},
	doi = {10.1007/978-3-658-28699-6},
	file = {Hanschke - 2020 - Informationssicherheit und Datenschutz systematisc.pdf:C\:\\Users\\Yves Staudenmaier\\Zotero\\storage\\95BN49YQ\\Hanschke - 2020 - Informationssicherheit und Datenschutz systematisc.pdf:application/pdf},
}

@book{chopraImplementingInformationSecurity2020,
	address = {Berkeley, CA},
	title = {Implementing an {Information} {Security} {Management} {System}: {Security} {Management} {Based} on {ISO} 27001 {Guidelines}},
	isbn = {978-1-4842-5412-7 978-1-4842-5413-4},
	shorttitle = {Implementing an {Information} {Security} {Management} {System}},
	url = {http://link.springer.com/10.1007/978-1-4842-5413-4},
	language = {en},
	urldate = {2020-03-26},
	publisher = {Apress},
	author = {Chopra, Abhishek and Chaudhary, Mukund},
	year = {2020},
	doi = {10.1007/978-1-4842-5413-4},
	file = {Chopra and Chaudhary - 2020 - Implementing an Information Security Management Sy.pdf:C\:\\Users\\Yves Staudenmaier\\Zotero\\storage\\VV6YKM6G\\Chopra and Chaudhary - 2020 - Implementing an Information Security Management Sy.pdf:application/pdf},
}

@book{freundPraxishandbuchBPMNMit2017,
	address = {M{\"u}nchen},
	edition = {5., aktualisierte Auflage},
	title = {Praxishandbuch {BPMN}: mit {Einf{\"u}hrung} in {CMMN} und {DMN}},
	isbn = {3446450548 (Druck-Ausgabe)},
	url = {http://dx.doi.org/10.3139/9783446450783},
	abstract = {In diesem Praxisbuch lernen Sie alles kennen, was Sie f{\"u}r den erfolgreichen Einsatz der BPMN in Ihren Projekten wissen m{\"u}ssen. Ausf{\"u}hrlich stellen die Autoren die Kern-Elemente der Notation sowie die grundlegenden Modellierungsprinzipien vor. Doch alleine damit ist es noch nicht getan, denn obwohl die BPMN auf den ersten Blick so einfach aussieht, verbergen sich in der Anwendung doch einige Fallstricke. Daher zeigen die Autoren einerseits, worauf es bei der fachlichen Prozessmodellierung ankommt, und gehen andererseits auf die Perspektive der Prozessautomatisierung ein. Und nat{\"u}rlich kommt auch die Zusammenf{\"u}hrung von fachlichen und technischen Modellen, das so genannte Business-IT-Alignment, nicht zu kurz. Das alles wird Ihnen mithilfe von Fallbeispielen anschaulich vermittelt. Best Practices, Modellierungskonventionen/Guidelines und 'Dos and Don'ts' bieten Ihnen konkrete Hilfestellung f{\"u}r den Einsatz der BPMN in der Praxis. Jakob Freund und Bernd R{\"u}cker f{\"u}hren gemeinsam die camunda services GmbH und besch{\"a}ftigen sich seit Jahren mit dem Business Process Management (BPM), sowohl aus der Perspektive des Business als auch der IT. Sie sind gefragte Trainer und Sprecher auf Konferenzen.},
	language = {Deutsch},
	publisher = {Hanser},
	author = {Freund, Jakob and R{\"u}cker, Bernd},
	year = {2017},
	note = {Type: Text (nur f{\"u}r elektronische Ressourcen)},
	keywords = {BPMN},
	file = {9783446450783.009.pdf:C\:\\Users\\Yves Staudenmaier\\Zotero\\storage\\XITFXPJA\\9783446450783.009.pdf:application/pdf;9783446450783.bm.pdf:C\:\\Users\\Yves Staudenmaier\\Zotero\\storage\\UQWXR956\\9783446450783.bm.pdf:application/pdf;9783446450783.010.pdf:C\:\\Users\\Yves Staudenmaier\\Zotero\\storage\\U9SMU76A\\9783446450783.010.pdf:application/pdf;9783446450783.011.pdf:C\:\\Users\\Yves Staudenmaier\\Zotero\\storage\\LJYC3MK2\\9783446450783.011.pdf:application/pdf;9783446450783.fm.pdf:C\:\\Users\\Yves Staudenmaier\\Zotero\\storage\\K3YPL429\\9783446450783.fm.pdf:application/pdf;9783446450783.008.pdf:C\:\\Users\\Yves Staudenmaier\\Zotero\\storage\\2XDDBI3R\\9783446450783.008.pdf:application/pdf;9783446450783.007.pdf:C\:\\Users\\Yves Staudenmaier\\Zotero\\storage\\C6AKB8XK\\9783446450783.007.pdf:application/pdf;9783446450783.006.pdf:C\:\\Users\\Yves Staudenmaier\\Zotero\\storage\\3HMPKDYY\\9783446450783.006.pdf:application/pdf;9783446450783.005.pdf:C\:\\Users\\Yves Staudenmaier\\Zotero\\storage\\X3V42U2E\\9783446450783.005.pdf:application/pdf;9783446450783.004.pdf:C\:\\Users\\Yves Staudenmaier\\Zotero\\storage\\7YFQ5IKH\\9783446450783.004.pdf:application/pdf;9783446450783.003.pdf:C\:\\Users\\Yves Staudenmaier\\Zotero\\storage\\GG4KHWP3\\9783446450783.003.pdf:application/pdf;9783446450783.002.pdf:C\:\\Users\\Yves Staudenmaier\\Zotero\\storage\\ZWQMER6V\\9783446450783.002.pdf:application/pdf;9783446450783.001.pdf:C\:\\Users\\Yves Staudenmaier\\Zotero\\storage\\WIYUSMSK\\9783446450783.001.pdf:application/pdf},
}

@misc{objectmanagementgroupomgBusinessProcessModel2011,
	title = {Business {Process} {Model} and {Notation} ({BPMN})},
	url = {https://www.omg.org/spec/BPMN/2.0/PDF},
	language = {en},
	urldate = {2020-03-23},
	publisher = {Object Management Group (OMG)},
	author = {{Object Management Group (OMG)}},
	month = dec,
	year = {2011},
}

@article{scheerObjektorientierteEreignisgesteuerteProzesskette1997,
	title = {Objektorientierte {Ereignisgesteuerte} {Proze{\ss}kette} ({oEPK})  -- {Methoden} und {Anwendung}},
	volume = {141},
	url = {https://www.uni-saarland.de/lehrstuhl/loos/publikationen/iwi-hefte.html},
	language = {deutsch},
	urldate = {2020-03-23},
	journal = {IWi-Hefte},
	author = {Scheer, A.-W. and N{\"u}ttgens, M. and Zimmermann, V.},
	month = may,
	year = {1997},
	keywords = {? No DOI found},
	pages = {29},
	file = {Scheer et al. - 1997 - Objektorientierte Ereignisgesteuerte Proze{\ss}kette (.pdf:C\:\\Users\\Yves Staudenmaier\\Zotero\\storage\\BP2FAVN7\\Scheer et al. - 1997 - Objektorientierte Ereignisgesteuerte Proze{\ss}kette (.pdf:application/pdf},
}

@book{gadatschGrundkursGeschaftsprozessManagement2010,
	address = {Wiesbaden},
	title = {Grundkurs {Gesch{\"a}ftsprozess}-{Management}},
	isbn = {978-3-8348-0762-5 978-3-8348-9346-8},
	url = {http://link.springer.com/10.1007/978-3-8348-9346-8},
	abstract = {Ohne methodische Grundlagen gibt es keine erfolgreiche Gestaltung und Modellierung von Gesch{\"a}ftsprozessen unter Einsatz betrieblicher Standardsoftware, seien es ERP- oder Workflow-Management-Systeme. Das Buch schl{\"a}gt die Br{\"u}cke zwischen den betriebswirtschaftlich-organisatorischen Methoden und deren IT-gest{\"u}tzter Umsetzung. Ausgew{\"a}hlte Praxisbeispiele, {\"U}bungen u. v. m. vervollst{\"a}ndigen das Werk. Das Buch von Prof. Gadatsch gilt mittlerweile als der "aktuelle Klassiker", DAS ma{\ss}gebliche Standardwerk zur IT-gest{\"u}tzten Gestaltung von Gesch{\"a}ftsprozessen.
Die sechste Auflage wurde gestrafft und aktualisiert. Auf vor{\"u}bergehende Modebegriffe wird bewusst verzichtet. Neu ist z. B. ein integriertes Modellierungsbeispiel, das anhand des Fallbeispiels {\quotedblbase}Autovermietung{\textquotedblleft} alle Sichten der Prozessmodellierung (Ereignisgesteuerte Prozesskette EPK) und Datenmodellierung (Entity-Relationship-Model) behandelt.

Der Inhalt
Gesch{\"a}ftsprozess-Management - Business Process Management - Workflow-Management - Business Process Reengineering - Gesch{\"a}ftsprozessmodellierung - Simulation - Workflow-Management-Systeme - Betriebswirtschaftliche Standardsoftware

Die Zielgruppen
- Studierende und Dozenten der BWL und Wirtschaftsinformatik (Gesch{\"a}ftsprozessmodellierung, Workflow-Management-Systeme, Betriebliche Informationssysteme)
- Fach- und F{\"u}hrungskr{\"a}fte, die f{\"u}r die Einf{\"u}hrung von betriebswirtschaftlicher Standardsoftware verantwortlich sind
- Anwender, IT-Fachleute und Berater, die einen fundierten Einblick in das Gesch{\"a}ftsprozessmanagement suchen

Der Autor
Prof. Dr. Andreas Gadatsch ist Professor f{\"u}r BWL, insb. Wirtschaftsinformatik an der Hochschule Bonn-Rhein-Sieg. Er verf{\"u}gt {\"u}ber langj{\"a}hrige Erfahrung als Berater, Projektleiter und IT-Manager.},
	language = {de},
	urldate = {2020-03-20},
	publisher = {Vieweg+Teubner},
	author = {Gadatsch, Andreas},
	year = {2010},
	doi = {10.1007/978-3-8348-9346-8},
	file = {Gadatsch - 2010 - Grundkurs Gesch{\"a}ftsprozess-Management.pdf:C\:\\Users\\Yves Staudenmaier\\Zotero\\storage\\HIMZEJCY\\Gadatsch - 2010 - Grundkurs Gesch{\"a}ftsprozess-Management.pdf:application/pdf},
}

@book{bruggerITBusinessCase2009,
	address = {Berlin, Heidelberg},
	series = {Xpert.press},
	title = {Der {IT} {Business} {Case}},
	isbn = {978-3-540-93857-6 978-3-540-93858-3},
	url = {http://link.springer.com/10.1007/978-3-540-93858-3},
	abstract = {Wie jede Unternehmensfunktion muss heute auch die IT ihren finanziellen Wertbeitrag nachweisen. Um die Wirtschaftlichkeit der IT-Aktivit{\"a}ten darzulegen, bedarf es des Br{\"u}ckenschlags zwischen Grunds{\"a}tzen und Mechanismen des finanziellen Managements einerseits und Antrieben und Merkmalen der Informationstechnologie andererseits. Das vorliegende Buch f{\"u}hrt diesen Br{\"u}ckenschlag aus, indem es IT-orientiertes Finanzwissen vermittelt und aufzeigt, wie die Forderung nach einer wirtschaftlichen Positionierung der IT in die Tat umgesetzt wird. Insbesondere wird beschrieben, wie man Wirtschaftlichkeitsanalysen f{\"u}r IT-Projekte bzw. IT-Investitionen durchf{\"u}hrt und wie Wirtschaftlichkeitsnachweise erbracht werden. Ein wesentliches Ziel des Buches ist es, die betriebswirtschaftliche Sichtweise mit der technischen Welt zu verkn{\"u}pfen und die Faktoren herauszuarbeiten, die f{\"u}r eine erfolgreiche Verbindung dieser beiden Welten Beachtung finden m{\"u}ssen. Die Neuauflage wurde korrigiert und um das Thema Opportunit{\"a}tskosten erweitert.},
	urldate = {2020-03-19},
	publisher = {Springer Berlin Heidelberg},
	author = {Brugger, Ralph},
	year = {2009},
	doi = {10.1007/978-3-540-93858-3},
	file = {Brugger - 2009 - Der IT Business Case.pdf:C\:\\Users\\Yves Staudenmaier\\Zotero\\storage\\X4JWBHRS\\Brugger - 2009 - Der IT Business Case.pdf:application/pdf},
}

@book{staudGeschaftsprozessanalyseEreignisgesteuerteProzessketten2006,
	address = {Berlin},
	edition = {3. Aufl},
	title = {Gesch{\"a}ftsprozessanalyse: ereignisgesteuerte {Prozessketten} und objektorientierte {Gesch{\"a}ftsprozessmodellierung} f{\"u}r betriebswirtschaftliche {Standardsoftware}},
	isbn = {978-3-540-24510-0},
	shorttitle = {Gesch{\"a}ftsprozessanalyse},
	url = {https://doi.org/10.1007/3-540-37976-2},
	language = {ger},
	publisher = {Springer},
	author = {Staud, Josef L.},
	year = {2006},
	note = {OCLC: 180896033},
	file = {2006_Book_Gesch{\"a}ftsprozessanalyse.pdf:C\:\\Users\\Yves Staudenmaier\\Zotero\\storage\\RFTHV58V\\2006_Book_Gesch{\"a}ftsprozessanalyse.pdf:application/pdf;Table of Contents PDF:C\:\\Users\\Yves Staudenmaier\\Zotero\\storage\\QUCIYJMX\\Staud - 2006 - Gesch{\"a}ftsprozessanalyse ereignisgesteuerte Prozes.pdf:application/pdf},
}

@book{abolhassanWegZurModernen2013,
	address = {Wiesbaden},
	title = {Der {Weg} zur modernen {IT}-{Fabrik}},
	isbn = {978-3-658-01482-7 978-3-658-01483-4},
	url = {http://link.springer.com/10.1007/978-3-658-01483-4},
	abstract = {Die IT durchl{\"a}uft derzeit eine ihrer kritischsten Transformationsphasen. IT-Anbieter und IT-Service-Organisationen stemmen eine revolution{\"a}re Industrialisierung ihrer Produktions- und Serviceprozesse. Nur durch eine konsequente {\"U}berf{\"u}hrung in fabrikartige Strukturen lassen sich Qualit{\"a}t, Effektivit{\"a}t und Effizienz steigern. Wenn professionelle Konzepte und Methoden aus der industriellen Fertigung {\"u}bernommen werden, k{\"o}nnen funktionale und qualitative Anforderungen der Fachabteilungen und damit der Endanwender auf der einen Seite sowie der Wunsch nach Implementierung optimaler Prozessabl{\"a}ufe auf der anderen Seite erf{\"u}llt werden.

Ein interdisziplin{\"a}res Autorenteam stellt sich den aktuellen Herausforderungen einer global agierenden IT-Service-Organisation und beschreibt den Prozess der IT-Industrialisierung, d. h. konkret die Transformation der Branche hin zur IT-Fabrik. Dabei werden neueste Erkenntnisse aus angewandter Forschung, Beratung und IT Unternehmenspraxis zusammengef{\"u}hrt.


Der Inhalt
{\textbullet} Kritische Erfolgsfaktoren einer global agierenden IT-Service-Organisation
{\textbullet} Die Industrialisierung der IT- und Kommunikationsbranche
{\textbullet} Optimierungs- und Effizienzsteigerungsma{\ss}nahmen auf dem Weg zur IT-Fabrik
{\textbullet} Das Innovations-{\"O}kosystem

Die Zielgruppen
{\textbullet} Chief Information Officer und andere IT-Entscheider
{\textbullet} Dozierende und Studierende der Wirtschaftsinformatik, des Wirtschaftsingenieurwesens, der Informatik sowie der Betriebswirtschaftslehre mit den Schwerpunkten Organisation und Dienstleistungsmanagement


Der Herausgeber
Dr. Ferri Abolhassan ist Leiter des Bereichs Delivery und Mitglied der Gesch{\"a}ftsf{\"u}hrung von T-Systems.},
	language = {de},
	urldate = {2020-03-19},
	publisher = {Springer Fachmedien Wiesbaden},
	editor = {Abolhassan, Ferri},
	year = {2013},
	doi = {10.1007/978-3-658-01483-4},
	annote = {Kapitel 16 k{\"o}nnte relevant sein.},
	file = {Abolhassan - 2013 - Der Weg zur modernen IT-Fabrik.pdf:C\:\\Users\\Yves Staudenmaier\\Zotero\\storage\\26VLTLIL\\Abolhassan - 2013 - Der Weg zur modernen IT-Fabrik.pdf:application/pdf},
}

@book{brackeProzessfahigkeitBeiHerstellung2016,
	address = {Berlin, Heidelberg},
	title = {Prozessf{\"a}higkeit bei der {Herstellung} komplexer technischer {Produkte}},
	isbn = {978-3-662-48213-1 978-3-662-48214-8},
	url = {http://link.springer.com/10.1007/978-3-662-48214-8},
	abstract = {Das vorliegende Fachbuch beinhaltet die Entwicklung von Ans{\"a}tzen und Systematiken zur multivariaten Prozessanalyse und -validierung bei komplexen Hochpr{\"a}zisionsfertigungen. Der Autor liefert vier Ans{\"a}tze zur mehrdimensionalen F{\"a}higkeitsanalyse. Des weiteren wird der gesamte Kontext im Produktentstehungsprozess dargelegt. Die Ans{\"a}tze und Methoden werden an zahlreichen Beispielen aus der Dental-Medizintechnik erl{\"a}utert. F{\"u}r Ingenieure aus der Praxis, die sich f{\"u}r F{\"a}higkeitsuntersuchung von Herstellungsprozessen technischer Produkte interessieren, ist dieses Werk von besonderer Bedeutung.},
	language = {de},
	urldate = {2020-03-19},
	publisher = {Springer Berlin Heidelberg},
	author = {Bracke, Stefan},
	year = {2016},
	doi = {10.1007/978-3-662-48214-8},
	file = {Bracke - 2016 - Prozessf{\"a}higkeit bei der Herstellung komplexer tec.pdf:C\:\\Users\\Yves Staudenmaier\\Zotero\\storage\\D9LTDSGQ\\Bracke - 2016 - Prozessf{\"a}higkeit bei der Herstellung komplexer tec.pdf:application/pdf},
}

@incollection{massotteAnalysisManagementApproaches1997,
	address = {Boston, MA},
	title = {Analysis and management approaches for complex production systems},
	isbn = {978-1-4612-8507-6 978-1-4613-1195-9},
	url = {http://link.springer.com/10.1007/978-1-4613-1195-9_4},
	abstract = {This chapter provides a global and modern approach to the complexity existing in many production systems. It describes studies and solutions that have been developed in an industrial context to control and manage this complexity.

Different recent works have shown that well-known models used for the analysis of human behavior, in economics and in production distribution, contain unsuspected regimes of {\textquoteleft}deterministic chaos{\textquoteright}. The aim of this chapter is to exploit these findings and to study some complex behaviors in manufacturing and assembly shops. It also shows how deterministic chaos could be produced by a human decisionmaking process: the equations derived from decision rules applied to a complex manufacturing system lead to chaotic behavior in a realistic region of parameter space. Finally, a methodology together with associated tools has been implemented in order to define the nature of a production system, and to highlight and validate characteristics of far-from-equilibrium systems.

Such target systems viewed as deterministic chaos cannot be controlled through conventional management systems. Some experiments were conducted to determine how to manage and control them; the analysis of different classes of problems in such complex production systems enables the right approach to be induced with the relevant management rules to be implemented for improving control. A comparative evaluation of their prerequisites and usefulness is presented and relevant recommendations are also given.},
	language = {en},
	urldate = {2020-03-19},
	booktitle = {The {Planning} and {Scheduling} of {Production} {Systems}},
	publisher = {Springer US},
	author = {Massotte, P.},
	editor = {Artiba, A. and Elmaghraby, S. E.},
	year = {1997},
	doi = {10.1007/978-1-4613-1195-9_4},
	pages = {89--131},
	file = {Massotte - 1997 - Analysis and management approaches for complex pro.pdf:C\:\\Users\\Yves Staudenmaier\\Zotero\\storage\\8BPEZYYN\\Massotte - 1997 - Analysis and management approaches for complex pro.pdf:application/pdf},
}

@incollection{pimsakulProductionProcessImprovement2013,
	address = {Berlin, Heidelberg},
	title = {Production {Process} {Improvement} {Using} the {Six} {Sigma} {DMAIC} {Methodology}: {A} {Case} {Study} of a {Laser} {Computer} {Mouse} {Production} {Process}},
	isbn = {978-3-642-37269-8 978-3-642-37270-4},
	shorttitle = {Production {Process} {Improvement} {Using} the {Six} {Sigma} {DMAIC} {Methodology}},
	url = {http://link.springer.com/10.1007/978-3-642-37270-4_13},
	abstract = {This paper aims to improve a production process of a laser computer mouse by using the Six Sigma DMAIC Methodology. This study focuses on the functional test procedure because of its lowest yield. The regression analysis and two-level factorial design of experiments is employed in order to determine the optimal conditions of parameters. By operating under these resulting conditions, yield of the functional test procedure increases from 96.2 to 98.6\%.},
	language = {en},
	urldate = {2020-03-19},
	booktitle = {The 19th {International} {Conference} on {Industrial} {Engineering} and {Engineering} {Management}},
	publisher = {Springer Berlin Heidelberg},
	author = {Pimsakul, S. and Somsuk, N. and Junboon, W. and Laosirihongthong, T.},
	editor = {Qi, Ershi and Shen, Jiang and Dou, Runliang},
	year = {2013},
	doi = {10.1007/978-3-642-37270-4_13},
	pages = {133--146},
	file = {Pimsakul et al. - 2013 - Production Process Improvement Using the Six Sigma.pdf:C\:\\Users\\Yves Staudenmaier\\Zotero\\storage\\5A94JHL2\\Pimsakul et al. - 2013 - Production Process Improvement Using the Six Sigma.pdf:application/pdf},
}

@book{erlachValueStreamDesign2013,
	address = {Berlin, Heidelberg},
	series = {Lecture {Notes} in {Logistics}},
	title = {Value {Stream} {Design}: {The} {Way} {Towards} a {Lean} {Factory}},
	isbn = {978-3-642-12568-3 978-3-642-12569-0},
	shorttitle = {Value {Stream} {Design}},
	url = {http://link.springer.com/10.1007/978-3-642-12569-0},
	abstract = {Value stream design is increasingly asserting itself as the key approach for production optimization, but there has never been a detailed and systematic presentation of the value stream method before {\textendash} a gap that has now been filled by this book.

The author provides an easily comprehensible code of practice for the effective analysis of production processes, product family-oriented factory structuring and the target-oriented development of an ideal future state of production. The book plausibly conveys ten design guidelines for production optimization with corresponding equations, descriptive illustrations and industrial examples well-proven in numerous industrial projects. It addresses the professional public, practitioners wishing to avoid waste and systematically improve their factories{\textquoteright} value streams, and students - tomorrow{\textquoteright}s practitioners.

In contrast to other publications, this book complements the value stream analysis and its unique compact visualization of the entire production process by a detailed illustration of the information flow and a comprehensive discussion of the operator balance chart. The {\guillemotright}traditional{\guillemotleft} concept of value stream design is significantly expanded with a view to its applicability in complex productions by way of methodological innovation and further development concerning campaign formation, value stream management and technological process integration. The method is embedded in a comprehensive procedural approach for factory planning, starting with the definition of the desired lean production goals.

Dr. Klaus Erlach studied mechanical engineering and philosophy in Darmstadt, Stuttgart and T{\"u}bingen, Germany. As a long-standing consultant for factory planning and production process optimization he is also involved in the development of suitable design methods at the Fraunhofer IPA Institute for Manufacturing Engineering and Automation, Stuttgart, where he is responsible for numerous projects on value stream-oriented factory planning in different industries. He is also an adjunct lecturer at several European universities.},
	language = {en},
	urldate = {2020-03-19},
	publisher = {Springer Berlin Heidelberg},
	author = {Erlach, Klaus},
	year = {2013},
	doi = {10.1007/978-3-642-12569-0},
	file = {Erlach - 2013 - Value Stream Design The Way Towards a Lean Factor.pdf:C\:\\Users\\Yves Staudenmaier\\Zotero\\storage\\SXTXXB7H\\Erlach - 2013 - Value Stream Design The Way Towards a Lean Factor.pdf:application/pdf},
}

@inproceedings{dearleSoftwareDeploymentPresent2007,
	address = {Minneapolis, MN},
	title = {Software {Deployment}, {Past}, {Present} and {Future}},
	isbn = {978-0-7695-2829-8},
	url = {https://ieeexplore.ieee.org/document/4221626/},
	doi = {10.1109/FOSE.2007.20},
	abstract = {This paper examines the dimensions influencing the past and present and speculates on the future of software deployment. Software deployment is a post- production activity that is performed for or by the customer of a piece of software. Today's software often consists of a large number of components each offering and requiring services of other components. Such components are often deployed into distributed, heterogeneous environments adding to the complexity of software deployment. This paper sets out a standard terminology for the various deployment activities and the entities over which they operate. Six case studies of current deployment technologies are made to illustrate various approaches to the deployment problems. The paper then examines specific deployment issues in more detail before examining some of the future directions in which the field of deployment might take.},
	urldate = {2020-03-18},
	booktitle = {Future of {Software} {Engineering} ({FOSE} '07)},
	publisher = {IEEE},
	author = {Dearle, Alan},
	month = may,
	year = {2007},
	pages = {269--284},
	file = {Full Text:C\:\\Users\\Yves Staudenmaier\\Zotero\\storage\\4C2FLM4Y\\Dearle - 2007 - Software Deployment, Past, Present and Future.pdf:application/pdf},
}

@misc{googlellcProductionGradeContainerOrchestration2020,
	title = {Production-{Grade} {Container} {Orchestration} with {K8s}},
	url = {https://kubernetes.io/},
	abstract = {Kubernetes (K8s) is an open-source system for automating deployment, scaling, and management of containerized applications. It groups containers that make up an application into logical units for easy management and discovery. Kubernetes builds upon 15 years of experience of running production workloads at Google, combined with best-of-breed ideas and practices from the community.
   Planet Scale Designed on the same principles that allows Google to run billions of containers a week, Kubernetes can scale without increasing your ops team.},
	language = {en},
	urldate = {2020-03-18},
	author = {{Google LLC}},
	year = {2020},
	note = {Library Catalog: kubernetes.io},
	file = {Snapshot:C\:\\Users\\Yves Staudenmaier\\Zotero\\storage\\CQQVRMN8\\kubernetes.io.html:text/html},
}

@misc{acharyaInstallOpenShiftOrigin2018,
	title = {Install {OpenShift} {Origin} on {Ubuntu} 18.04},
	url = {https://medium.com/@maheshacharya_44641/install-openshift-origin-on-ubuntu-18-04-7b98773c2ee6},
	abstract = {There are a lot of blogs and resources you will find online about installing OpenShift Origin, but none worked as advertised for me{\textellipsis}},
	language = {en},
	urldate = {2020-03-18},
	journal = {Medium},
	author = {Acharya, Mahesh},
	month = nov,
	year = {2018},
	note = {Library Catalog: medium.com},
}

@article{pawarTimeMarket1994,
	title = {Time to {Market}},
	volume = {5},
	issn = {0957-6061},
	url = {https://doi.org/10.1108/09576069410815765},
	doi = {10.1108/09576069410815765},
	abstract = {Over the last two decades, Japanese products have challenged Western ones, not only in terms of cost but also on quality, reliability and delivery. This has meant that meeting customer needs on time has now entered the competitive equation. Hence, in the 1990s, time to market (TTM) has become a focal point in achieving competitive advantage in the marketplace. Presents an overview of TTM and of how to do it. Considers the costs and benefits of TTM, and uses two case studies to compare and contrast the effect of adopting TTM and ignoring it. Looks at the key factors of: tools and techniques; technology; team management and logistics, with practical examples of the main points in achieving TTM successfully.},
	number = {1},
	urldate = {2020-03-17},
	journal = {Integrated Manufacturing Systems},
	author = {Pawar, Kulwant S. and Menon, Unny and Riedel, Johann C.K.H.},
	month = jan,
	year = {1994},
	note = {Publisher: MCB UP Ltd},
	keywords = {CADCAM, Customers, FMS, Integration, Product design, Product development, Quality, Time-to-market},
	pages = {14--22},
	file = {Full Text PDF:C\:\\Users\\Yves Staudenmaier\\Zotero\\storage\\PWR2D66X\\Pawar et al. - 1994 - Time to Market.pdf:application/pdf},
}

@inproceedings{maratheDockerSwarmKubernetes2019,
	address = {Tirunelveli, India},
	title = {Docker {Swarm} and {Kubernetes} in {Cloud} {Computing} {Environment}},
	isbn = {978-1-5386-9439-8},
	url = {https://ieeexplore.ieee.org/document/8862654/},
	doi = {10.1109/ICOEI.2019.8862654},
	urldate = {2020-03-16},
	booktitle = {2019 3rd {International} {Conference} on {Trends} in {Electronics} and {Informatics} ({ICOEI})},
	publisher = {IEEE},
	author = {Marathe, Nikhil and Gandhi, Ankita and Shah, Jaimeel M},
	month = apr,
	year = {2019},
	pages = {179--184},
	file = {Docker Swarm and Kubernetes in Cloud Computing.pdf:C\:\\Users\\Yves Staudenmaier\\Zotero\\storage\\D23KAPWQ\\Docker Swarm and Kubernetes in Cloud Computing.pdf:application/pdf},
}

@inproceedings{zhangInsightImpactDockerfile2018,
	address = {Tokyo, Japan},
	title = {An {Insight} {Into} the {Impact} of {Dockerfile} {Evolutionary} {Trajectories} on {Quality} and {Latency}},
	isbn = {978-1-5386-2666-5},
	url = {https://ieeexplore.ieee.org/document/8377650/},
	doi = {10.1109/COMPSAC.2018.00026},
	urldate = {2020-03-16},
	booktitle = {2018 {IEEE} 42nd {Annual} {Computer} {Software} and {Applications} {Conference} ({COMPSAC})},
	publisher = {IEEE},
	author = {Zhang, Yang and Yin, Gang and Wang, Tao and Yu, Yue and Wang, Huaimin},
	month = jul,
	year = {2018},
	pages = {138--143},
	file = {08377650.pdf:C\:\\Users\\Yves Staudenmaier\\Zotero\\storage\\PAC3WE7A\\08377650.pdf:application/pdf},
}

@article{rimalArchitecturalRequirementsCloud2011,
	title = {Architectural {Requirements} for {Cloud} {Computing} {Systems}: {An} {Enterprise} {Cloud} {Approach}},
	volume = {9},
	issn = {1570-7873, 1572-9184},
	shorttitle = {Architectural {Requirements} for {Cloud} {Computing} {Systems}},
	url = {http://link.springer.com/10.1007/s10723-010-9171-y},
	doi = {10.1007/s10723-010-9171-y},
	language = {en},
	number = {1},
	urldate = {2020-03-13},
	journal = {Journal of Grid Computing},
	author = {Rimal, Bhaskar Prasad and Jukan, Admela and Katsaros, Dimitrios and Goeleven, Yves},
	month = mar,
	year = {2011},
	pages = {3--26},
	file = {Rimal et al. - 2011 - Architectural Requirements for Cloud Computing Sys.pdf:C\:\\Users\\Yves Staudenmaier\\Zotero\\storage\\2PNYXAP6\\Rimal et al. - 2011 - Architectural Requirements for Cloud Computing Sys.pdf:application/pdf},
}

@article{pahlContainerizationPaaSCloud2015,
	title = {Containerization and the {PaaS} {Cloud}},
	volume = {2},
	issn = {2325-6095},
	url = {http://ieeexplore.ieee.org/document/7158965/},
	doi = {10.1109/MCC.2015.51},
	abstract = {Containerization is widely discussed as a lightweight virtualization solution. Apart from exhibiting benefits over traditional virtual machines in the cloud, containers are especially relevant for platform-as-a-service (PaaS) clouds to manage and orchestrate applications through containers as an application packaging mechanism. This article discusses the requirements that arise from having to facilitate applications through distributed multicloud platforms.},
	language = {English},
	number = {3},
	urldate = {2020-03-13},
	journal = {IEEE Cloud Computing},
	author = {Pahl, Claus},
	month = may,
	year = {2015},
	keywords = {Virtualization, cloud computing, Docker, Linux, virtualization, cloud, virtual machines, Computer architecture, application packaging mechanism, cluster, container, containerization, Containerization, distributed multicloud platform, distributed processing, File systems, Kubernetes, lightweight virtualization solution, multicloud, PaaS, PaaS cloud, Packaging, platform-as-a-service, virtual machine, virtualisation},
	pages = {24--31},
	file = {IEEE Xplore Abstract Record:C\:\\Users\\Yves Staudenmaier\\Zotero\\storage\\MY4NXBBE\\7158965.html:text/html;Pahl - 2015 - Containerization and the PaaS Cloud.pdf:C\:\\Users\\Yves Staudenmaier\\Zotero\\storage\\LSBGKZEP\\Pahl - 2015 - Containerization and the PaaS Cloud.pdf:application/pdf},
}

@article{muellerArtScienceEvolution2019,
	title = {From {Art} to {Science}: {The} {Evolution} of {Community} {Development}},
	volume = {36},
	issn = {0740-7459, 1937-4194},
	shorttitle = {From {Art} to {Science}},
	url = {https://ieeexplore.ieee.org/document/8805055/},
	doi = {10.1109/MS.2019.2936177},
	abstract = {Community development in open source ecosystems is increasingly complex. This article focuses on the OpenShift and CNCF ecosystems and concludes that cross-community collaboration analysis is challenging and a more scientific approach is required.},
	number = {6},
	urldate = {2020-03-13},
	journal = {IEEE Software},
	author = {Mueller, Diane and Izquierdo-Cortazar, Daniel},
	month = nov,
	year = {2019},
	pages = {23--28},
	file = {Mueller and Izquierdo-Cortazar - 2019 - From Art to Science The Evolution of Community De.pdf:C\:\\Users\\Yves Staudenmaier\\Zotero\\storage\\U7CL7D4E\\Mueller and Izquierdo-Cortazar - 2019 - From Art to Science The Evolution of Community De.pdf:application/pdf},
}

@inproceedings{singhContainersDockerEmerging2016,
	address = {Bangalore, India},
	title = {Containers \& {Docker}: {Emerging} roles \& future of {Cloud} technology},
	isbn = {978-1-5090-2399-8},
	shorttitle = {Containers \& {Docker}},
	url = {http://ieeexplore.ieee.org/document/7912109/},
	doi = {10.1109/ICATCCT.2016.7912109},
	urldate = {2020-03-13},
	booktitle = {2016 2nd {International} {Conference} on {Applied} and {Theoretical} {Computing} and {Communication} {Technology} ({iCATccT})},
	publisher = {IEEE},
	author = {Singh, Sachchidanand and Singh, Nirmala},
	year = {2016},
	pages = {804--807},
	file = {Singh and Singh - 2016 - Containers & Docker Emerging roles & future of Cl.pdf:C\:\\Users\\Yves Staudenmaier\\Zotero\\storage\\MVGIRBR9\\Singh and Singh - 2016 - Containers & Docker Emerging roles & future of Cl.pdf:application/pdf},
}

@inproceedings{duaVirtualizationVsContainerization2014,
	address = {Boston, MA, USA},
	title = {Virtualization vs {Containerization} to {Support} {PaaS}},
	isbn = {978-1-4799-3766-0},
	url = {http://ieeexplore.ieee.org/document/6903537/},
	doi = {10.1109/IC2E.2014.41},
	urldate = {2020-03-13},
	booktitle = {2014 {IEEE} {International} {Conference} on {Cloud} {Engineering}},
	publisher = {IEEE},
	author = {Dua, Rajdeep and Raja, A Reddy and Kakadia, Dharmesh},
	month = mar,
	year = {2014},
	pages = {610--614},
	file = {Dua et al. - 2014 - Virtualization vs Containerization to Support PaaS.pdf:C\:\\Users\\Yves Staudenmaier\\Zotero\\storage\\8YJACBSX\\Dua et al. - 2014 - Virtualization vs Containerization to Support PaaS.pdf:application/pdf},
}

@book{instituteofelectricalandelectronicsengineers2014InternationalConference2014,
	address = {Piscataway, NJ},
	title = {2014 {International} {Conference} on {Communications} and {Networking} ({ComNet} 2014): {Hammamet}, {Tunisia}, 19 - 22 {March} 2014},
	isbn = {978-1-4799-3766-0 978-1-4799-3764-6 978-1-4799-3762-2 978-1-4799-3761-5},
	shorttitle = {2014 {International} {Conference} on {Communications} and {Networking} ({ComNet} 2014)},
	language = {eng},
	publisher = {IEEE},
	editor = {Institute of Electrical {and} Electronics Engineers},
	year = {2014},
	note = {Meeting Name: International Conference on Communications and Networking
OCLC: 931954618},
	annote = {Literaturangaben},
	file = {Table of Contents PDF:C\:\\Users\\Yves Staudenmaier\\Zotero\\storage\\UM7QWKWA\\Institute of Electrical and Electronics Engineers - 2014 - 2014 International Conference on Communications an.pdf:application/pdf},
}

@book{fosterGridBlueprintNew1999,
	address = {San Francisco},
	title = {The grid: blueprint for a new computing infrastructure},
	isbn = {978-1-55860-475-9},
	shorttitle = {The grid},
	publisher = {Morgan Kaufmann Publishers},
	editor = {Foster, Ian and Kesselman, Carl},
	year = {1999},
	keywords = {Computational grids (Computer systems)},
}

@article{weinhardtCloudComputingClassification2009,
	title = {Cloud {Computing} {\textendash} {A} {Classification}, {Business} {Models}, and {Research} {Directions}},
	volume = {1},
	issn = {1867-0202},
	url = {http://link.springer.com/10.1007/s12599-009-0071-2},
	doi = {10.1007/s12599-009-0071-2},
	abstract = {Lately, a new computing paradigm has emerged: {\textquotedblleft}Cloud Computing{\textquotedblright}. It seems to be promoted as heavily as the {\textquotedblleft}Grid{\textquotedblright} was a few years ago, causing broad discussions on the differences between Grid and Cloud Computing. The first contribution of this paper is thus a detailed discussion about the different characteristics of Grid Computing and Cloud Computing. This technical classification allows for a well-founded discussion of the business opportunities of the Cloud Computing paradigm. To this end, this paper first presents a business model framework for Clouds. It subsequently reviews and classifies current Cloud offerings in the light of this framework. Finally, this paper discusses challenges that have to be mastered in order to make the Cloud vision come true and points to promising areas for future research.

The article describes a technical classification of Grid and Cloud Computing for a profound discussion on the business opportunities of the Cloud Computing paradigm. For this purpose, we present a framework for business models in Clouds. With the help of this framework business models can be placed at infrastructure, platform or application level. Subsequently, we discuss currently existing Cloud services which are integrated into the framework as well as categorized according to their pricing model and service type. Finally, the paper discusses challenges that have to be mastered in order to make the Cloud vision come true, such as the development of a Cloud API, the pricing of complex services, as well as security and reliability.},
	language = {en},
	number = {5},
	urldate = {2020-03-13},
	journal = {Business \& Information Systems Engineering},
	author = {Weinhardt, Christof and Anandasivam, Arun and Blau, Benjamin and Borissov, Nikolay and Meinl, Thomas and Michalk, Wibke and St{\"o}{\ss}er, Jochen},
	month = oct,
	year = {2009},
	pages = {391--399},
	file = {Full Text:C\:\\Users\\Yves Staudenmaier\\Zotero\\storage\\SIH9ADTQ\\Weinhardt et al. - 2009 - Cloud Computing {\textendash} A Classification, Business Model.pdf:application/pdf},
}

@book{parkhillChallengeComputerUtility1966,
	address = {Reading},
	title = {The {Challenge} of the computer utility: {D}.{F}. {Parkhill}.},
	shorttitle = {The {Challenge} of the computer utility},
	language = {English},
	publisher = {Mass., London : Addison-Wesley Publishing C{\textdegree}},
	author = {Parkhill, Douglas Freeman},
	year = {1966},
	note = {OCLC: 460679364},
}

@book{pinkstaffWomenWorkOvercoming1979,
	address = {Reading, Mass},
	title = {Women at work: overcoming the obstacles},
	isbn = {978-0-201-05721-8},
	shorttitle = {Women at work},
	publisher = {Addison-Wesley Pub. Co},
	author = {Pinkstaff, Marlene Arthur and Wilkinson, Anna Bell},
	year = {1979},
	keywords = {Employment, Sex discrimination in employment, Women},
}

@misc{mccarthyREMINISCENCESHISTORYTIME1983,
	title = {{REMINISCENCES} {ON} {THE} {HISTORY} {OF} {TIME} {SHARING}},
	url = {http://www-formal.stanford.edu/jmc/history/timesharing/timesharing.html},
	urldate = {2020-03-13},
	journal = {REMINISCENCES ON THE HISTORY OF TIME SHARING},
	author = {McCarthy, John},
	year = {1983},
	file = {REMINISCENCES ON THE HISTORY OF TIME SHARING:C\:\\Users\\Yves Staudenmaier\\Zotero\\storage\\A5RUM9BH\\timesharing.html:text/html},
}

@book{mellNISTDefinitionCloud2011,
	address = {Gaithersburg, MD 20899-8930},
	series = {Special {Publication} ({NIST} {SP})},
	title = {The {NIST} {Definition} of {Cloud} {Computing}},
	shorttitle = {{NIST} {Special} {Publication} 800-145},
	url = {https://doi.org/10.6028/NIST.SP.800-145},
	abstract = {Cloud computing is a model for enabling ubiquitous, convenient, on-demand network access to a shared pool of configurable computing resources (e.g., networks, servers, storage, applications, and services) that can be rapidly provisioned and released with minimal management effort or service provider interaction. This cloud model is composed of five essential characteristics, three service models, and four deployment models.},
	language = {en},
	number = {800-145},
	urldate = {2020-03-13},
	publisher = {National Institute of Standards and Technology},
	author = {Mell, Peter and Grance, Timothy},
	month = sep,
	year = {2011},
	file = {Mell und Grance - The NIST Definition of Cloud Computing.pdf:C\:\\Users\\Yves Staudenmaier\\Zotero\\storage\\6D5BHLAP\\Mell und Grance - The NIST Definition of Cloud Computing.pdf:application/pdf},
}

@book{castro-leonCloudServiceUnderstanding2016,
	address = {Berkeley, California},
	series = {For professionals by professionals},
	title = {Cloud as a service: understanding the service innovation ecosystem},
	isbn = {978-1-4842-0104-6},
	shorttitle = {Cloud as a service},
	publisher = {Apress},
	author = {Castro-Leon, Enrique},
	year = {2016},
	note = {OCLC: ocn920719433},
	keywords = {Cloud computing, Service-oriented architecture (Computer science)},
	file = {2016_Book_CloudAsAService.pdf:C\:\\Users\\Yves Staudenmaier\\Zotero\\storage\\2RZU8D3J\\2016_Book_CloudAsAService.pdf:application/pdf},
}

@book{waschkeCloudStandardsAgreements2012,
	address = {Berkeley, CA : New York},
	title = {Cloud standards: agreements that hold together clouds},
	isbn = {978-1-4302-4110-2},
	shorttitle = {Cloud standards},
	url = {https://doi.org/10.1007/978-1-4302-4111-9},
	publisher = {CA Press : Apress ; Distributed to the book trade worldwide by Springer},
	author = {Waschke, Marvin},
	year = {2012},
	note = {OCLC: ocn785080202},
	keywords = {Cloud computing, Standards},
}

@book{reinheimerCloudComputingInfrastruktur2018,
	address = {Wiesbaden},
	series = {Edition {HMD}},
	title = {Cloud {Computing}: die {Infrastruktur} der {Digitalisierung}},
	isbn = {978-3-658-20966-7 978-3-658-20967-4},
	shorttitle = {Cloud {Computing}},
	url = {https://doi.org/10.1007/978-3-658-20967-4},
	language = {ger},
	publisher = {Springer Vieweg},
	editor = {Reinheimer, Stefan and {Springer Fachmedien Wiesbaden GmbH}},
	year = {2018},
	note = {OCLC: 1038769740},
	file = {2018_Book_CloudComputing.pdf:C\:\\Users\\Yves Staudenmaier\\Zotero\\storage\\KR2QGG9G\\2018_Book_CloudComputing.pdf:application/pdf},
}

@misc{redhatinc.RedHatWir2020,
	title = {Red {Hat} {\textendash} {Wir} entwickeln {Open} {Source}-{Technologien} f{\"u}r {Unternehmen}},
	url = {https://www.redhat.com/de},
	language = {english},
	urldate = {2020-03-11},
	journal = {Red Hat {\textendash} Wir entwickeln Open Source-Technologien f{\"u}r Unternehmen},
	author = {{Red Hat, Inc.}},
	year = {2020},
}

@misc{redhatinc.OpenShiftContainerPlatform2020,
	title = {{OpenShift} {Container} {Platform} by {Red} {Hat}, {Built} on {Kubernetes}},
	url = {https://www.openshift.com/},
	language = {english},
	urldate = {2020-03-11},
	journal = {OpenShift Container Platform by Red Hat, Built on Kubernetes},
	author = {{Red Hat, Inc.}},
	year = {2020},
}

@misc{sonatypeinc.NexusLifecycleProduct2020,
	title = {Nexus {Lifecycle} {Product}},
	url = {https://de.sonatype.com/product-nexus-lifecycle?utm_campaign=NVS&utm_source=ppc&utm_medium=adwords&ahcsource=paid&utm_term=%2Bnexus%20%2Blifecycle&hsa_tgt=kwd-437257894053&hsa_grp=90875397990&hsa_src=s&hsa_net=adwords&hsa_mt=b&hsa_ver=3&hsa_ad=406628330148&hsa_acc=2665806879&hsa_kw=%2Bnexus%20%2Blifecycle&hsa_cam=8625747087&gclid=EAIaIQobChMIgsvQt8mP6AIVh-h3Ch29zQJJEAAYASAAEgK02fD_BwE},
	language = {deutsch},
	urldate = {2020-03-10},
	journal = {Nexus Lifecycle Product},
	author = {{Sonatype Inc.}},
	year = {2020},
}

@misc{opensource.orgOpenSourceDefinition2020,
	title = {The {Open} {Source} {Definition}},
	url = {https://opensource.org/osd},
	language = {english},
	urldate = {2020-03-10},
	journal = {The Open Source Definition},
	author = {{Opensource.org}},
	year = {2020},
}
